2652 4852
225 241 290 368 sao

226 472 329 574 Quam
352 471 413 536 ubi
433 459 604 534 Ariminen·
634 467 724 551 iarpa
748 465 959 536 madefecerit
987 471 1124 552 humor,

228 580 403 672 Sacchsra,
424 589 458 642 et
478 575 637 658 oblongos
659 573 738 650 (nisi
763 577 1028 657 suavartsunta)
1050 580 1174 642 canales

226 689 342 752 Sterne
362 684 450 757 aoio,
472 681 530 766 qui
554 679 649 741 maiia
671 681 744 741 sinu
762 678 886 745 fluxura
910 699 1100 768 receptent,

225 773 414 877 Eii‘osisque
438 786 501 850 site
519 786 648 868 jubeant
665 800 810 868 stagnare
833 789 965 852 lacunis.
1129 855 1131 865 ¹

223 901 368 983 Namque
396 895 452 958 ubi
475 891 683 966 sacchsreoa,
705 891 831 974 lympha
849 909 1013 971 vectante,
1033 885 1178 968 recessus

104 1055 107 1071 .
225 1007 326 1069 Lenta
349 1002 454 1076 subit,
477 983 660 1082 sensimque
678 1018 789 1061 omnes
812 999 924 1083 argilis
943 1016 1065 1070 meatus

228 1109 369 1176 Affrictu
394 1107 494 1181 iuxat,
516 1104 617 1168 sudor
634 1101 708 1166 ssuit
733 1103 878 1190 undique
904 1106 983 1168 riris

148 1275 151 1284 .
225 1216 380 1290 Mallem,
402 1227 436 1276 et
449 1211 549 1277 ssavos
565 1210 714 1276 emittunt
734 1209 884 1274 sacchore
899 1212 1036 1275 nimbos.

225 1327 384 1398 Ateste,
405 1339 448 1382 ne
463 1331 584 1394 totum,
607 1329 725 1402 quanta
747 1329 816 1390 cat,
837 1311 959 1382 undare
982 1318 1125 1382 iacunant

225 1426 425 1511 Rapieriqua
449 1425 554 1487 sinass
576 1422 734 1506 placidam
748 1443 878 1486 servare
896 1425 1039 1508 quietem

226 1537 329 1616 Saepe
355 1531 439 1596 latex
463 1529 590 1606 nescit,
612 1527 777 1614 fundoque
798 1530 938 1612 assurgit
956 1530 996 1593 ab
1014 1530 1081 1594 imo

225 1639 401 1722 Spumeus,
423 1648 520 1722 atque
539 1635 629 1698 datos
649 1633 744 1696 audet
769 1635 997 1713 transcendere
1022 1635 1117 1700 iines.

224 1745 310 1807 Huic
335 1756 441 1807 tamen
459 1755 510 1805 cst
533 1740 696 1804 medicina
721 1739 822 1816 maio,
844 1741 1003 1827 furiisque
1029 1743 1193 1808 demendis

228 1849 381 1912 Proderit
401 1868 556 1932 expresso
576 1842 725 1932 guttatim
746 1865 918 1930 aspergere
944 1849 1046 1925 citro,

226 1958 305 2018 Cum
336 1954 432 2028 furit,
462 1953 646 2028 humorem,
680 1951 784 2014 donec
818 1953 937 2014 sensim
975 1970 1134 2038 excoquat
1165 1957 1247 2021 iran.

223 2062 267 2122 Et
288 2059 397 2139 posito
422 2057 547 2120 clausus
568 2059 670 2121 discat
694 2058 905 2141 requiescere
928 2074 1026 2120 motu.

309 2168 388 2227 Cum
408 2165 535 2226 tundam
562 2165 698 2246 abrupto
721 2164 891 2227 cessabunt
918 2166 1067 2228 sacebars
1091 2165 1196 2245 iiuru,

224 2271 380 2354 Nullaque
402 2269 587 2352 subpositos
607 2271 747 2354 intinget
766 2285 854 2354 gutta
877 2269 1023 2346 canales,

224 2384 365 2460 'sempua
384 2390 417 2438 ct
433 2376 567 2459 argillae
584 2390 705 2438 crustas
715 2419 725 2454 ,
748 2395 968 2462 quaecumque
986 2392 1177 2460 supersunt,

223 2485 368 2554 Vellere,
381 2494 424 2545 et
443 2496 557 2545 exacte
582 2503 718 2544 summas
734 2482 921 2566 abstergere
939 2497 1050 2546 metas.

224 2591 295 2652 Non
324 2589 400 2650 satis
424 2587 520 2650 baec:
559 2601 634 2670 apto
666 2588 747 2650 male
783 2588 917 2668 candida
956 2589 1105 2651 sacchara
1131 2587 1217 2654 terro

222 2695 272 2758 Ad
295 2693 432 2776 palmum
452 2691 611 2778 effodies,
635 2693 849 2778 effossumque
872 2693 1014 2778 undique
1039 2695 1124 2758 vasis

223 2805 259 2864 in
282 2801 361 2863 libra
384 2799 535 2876 diduces,
558 2815 679 2864 structo
699 2802 784 2864 vetus
803 2821 941 2884 aggere,
965 2821 1110 2864 massam.

223 2907 277 2971 Sic
304 2905 414 2968 faciles
441 2906 545 2968 aditus
563 2906 727 2968 humentia
754 2905 901 2970 sacchar-a
920 2905 1078 2990 praebent

221 3011 316 3086 Adri,
340 3025 373 3072 et
396 3011 559 3074 imbibitas
585 3012 731 3074 exhalant
748 3012 927 3094 promptius
954 3011 1063 3074 undas.

221 3119 323 3189 Tum,
346 3134 514 3200 postquam
536 3119 667 3180 venicus
688 3131 738 3180 ter
763 3117 880 3201 pandet
900 3119 1033 3181 Luciier
1055 3117 1189 3194 orbem,

221 3223 341 3284 Cuncta
363 3221 430 3284 suis
452 3241 610 3306 compone
636 3224 736 3301 iocis,
760 3243 1006 3308 compressaque
1027 3245 1141 3288 rursus

220 3329 312 3412 Urge
335 3327 416 3388 iutu:
439 3340 471 3390 et
496 3330 624 3412 quoties
653 3329 715 3392 tibi
739 3329 865 3394 cisudet
891 3331 1018 3414 Vesper
1041 3329 1227 3415 Olympum,

222 3433 367 3520 Pergere
394 3433 507 3496 iurare
530 3455 638 3508 manu,
661 3437 815 3518 tenuique
836 3435 946 3520 rigare
969 3425 1102 3502 iiuento.

222 3537 282 3602 Ast
303 3539 358 3602 ubi
379 3537 577 3604 saccharcam
600 3537 672 3603 fieri
693 3542 740 3604 sic
762 3562 836 3606 vase
858 3542 1014 3606 minorem

220 3644 368 3727 Aspicies
390 3659 523 3719 metam,
555 3658 590 3706 ut
610 3647 714 3728 palmo
735 3647 926 3723 subsiderit,
949 3649 1049 3712 undas

220 3749 349 3812 Addere
369 3734 465 3835 parce
486 3773 600 3826 novas,
623 3752 761 3814 residem
783 3755 896 3838 procul
916 3756 1020 3838 abjice
1043 3769 1180 3830 emtam,

220 3854 263 3916 Et
284 3855 373 3930 sine,
396 3855 511 3920 dilutas
534 3857 676 3920 emittant
698 3859 844 3924 sacchara
866 3859 990 3936 succes,

221 3958 326 4044 Atque
348 3983 437 4024 suum
459 3962 608 4036 redeanr,
632 3964 755 4046 lympha
775 3943 955 4040 minuente,
981 3968 1131 4052 rigorem.

262 4057 264 4065 ⁴
302 4067 426 4128 interca
448 4069 598 4154 recoqui,
628 4070 655 4132 si
677 4069 762 4132 fosta
783 4071 919 4154 jurabit,
942 4073 1052 4136 ahenis

219 4171 314 4236 Melia
337 4171 426 4253 prius
448 4174 581 4239 collecta
601 4174 695 4256 jube3
717 4195 933 4262 concussaque
953 4195 1040 4243 motu

15 4321 18 4352 ,
155 4267 158 4274 ’
219 4275 370 4347 assiduo,
392 4295 465 4338 cum
484 4279 574 4360 pigra
596 4277 714 4356 iiuent,
741 4281 801 4348 sub
821 4268 895 4348 r'ssa
915 4289 1071 4356 recondes
