2652 4852
6 331 200 394 unsarana.
240 323 458 390 Osannrsrro
486 341 670 402 asoroaucu
701 341 744 385 nr
776 339 1001 390 oeconomos.
1045 325 1109 401 55ss

6 519 205 581 asservantur,
246 504 348 566 donec
374 501 476 574 sertis
506 501 548 562 sit
573 513 715 582 tempus,
755 515 789 563 ot
818 523 921 586 grana
949 505 1113 574 detersae·
1152 481 1154 486 Ι

6 589 249 674 Colligendorunr
273 607 443 672 granorum
470 603 618 648 numerus
646 605 725 648 vero
748 587 838 648 valde
865 587 1009 654 diversus
1043 607 1103 666 est,
1210 649 1213 656 .

6 691 81 738 arout
103 677 173 736 loca
193 673 355 756 ,grauique
380 671 524 732 anneus.
575 673 680 751 lueys,
715 691 807 752 quam
836 669 957 734 Cadata
977 691 1102 753 rocam,
1191 719 1200 738 .

6 755 46 822 lou
72 760 176 819 minor
200 757 344 839 species,
382 754 480 814 multo
508 753 656 835 pauciora
685 755 786 834 'grana
813 775 941 838 sempor
966 759 1101 840 profert,

6 866 58 906 :um
77 863 116 903 ex
132 859 196 904 uno
216 859 314 922 grano
331 835 521 909 morlouuus
539 836 659 898 culmus
677 839 849 917 provenire
872 841 975 918 solet;
996 843 1031 903 in
1050 861 1117 906 ros

6 927 136 1010 gionibus
152 923 359 1004 sylvestribus
378 922 475 982 Pron.
500 919 846 1002 Sebastianopolitanae
868 943 985 1006 semen!
1000 928 1116 1012 vigim·

6 1015 51 1072 :ies
69 1009 226 1080 reddere,
247 1007 403 1082 diximus3
434 1003 547 1066 similis
569 1017 618 1064 est
634 1024 783 1066 numerus
801 1006 834 1067 in
857 1007 1013 1070 Missurum
1030 1033 1103 1092 pro.

6 1091 108 1174 iincil3
131 1091 189 1154 sed
210 1092 308 1159 multo
326 1089 431 1170 'major
449 1087 483 1148 in
502 1083 608 1148 Batia
629 1100 662 1147 et
677 1088 852 1168 provinciis
871 1088 1103 1173 septentrione.

6 1179 78 1240 ibus.
121 1181 158 1238 ln
176 1171 298 1258 vulgari
313 1173 420 1255 specie
439 1169 638 1254 producendi
658 1169 790 1235 facultas
805 1178 1016 1256 Aequatorem
1030 1199 1102 1242 ver.

6 1285 41 1323 tus
69 1262 168 1344 magis
194 1259 356 1340 magisque
389 1257 539 1317 'crescere
568 1253 704 1317 videtur.
752 1259 788 1316 ln
813 1259 910 1318 Serra
939 1257 1100 1343 doMor,

6 1344 194 1407 'eracissimis
210 1344 295 1424 agris
314 1339 499 1422 provinciae
514 1340 546 1399 S.
563 1333 678 1411 Pauli,
703 1335 767 1400 Ilio
783 1338 824 1401 de
840 1338 972 1404 Jeneiro
988 1358 1022 1407 et
1036 1345 1114 1409 m'o·‘

6 1425 196 1490 idionalibus
216 1428 371 1487 Minarutn
394 1423 483 1484 bona·
502 1422 615 1483 messis
633 1421 687 1484 illa
713 1423 813 1484 solum
838 1424 989 1508 babetur,
1021 1451 1102 1515 quae

6 1529 112 1574 :sutum
126 1523 163 1578 et·
174 1507 399 1592 quinquaginta
415 1513 564 1604 graniers
580 1526 641 1566 uno
655 1503 776 1568 reddit:
799 1509 831 1570 in
849 1507 978 1594 Campis
992 1508 1103 1597 Goyass

6 1597 113 1656 ἀεικιῶ
139 1595 305 1656 fertilitate
323 1593 448 1672 inclytas
471 1610 566 1650 unum
581 1609 712 1670 granum
729 1589 862 1654 ducenta
880 1595 998 1678 gignit3
1020 1611 1053 1660 et
1069 1601 1116 1662 in.

6 1676 179 1740 llurnnbaio
196 1691 230 1738 et
250 1673 478 1736 parameses
503 1672 648 1762 fuerunt,
677 1673 710 1732 in
731 1675 845 1756 quibus
864 1698 958 1740 unum
972 1699 1115 1762 granum·

6 1767 121 1828 lucenta
151 1774 185 1822 ct
209 1759 434 1846 quinquaginta
455 1769 507 1818 aut
530 1768 692 1833 trecenta,
718 1757 816 1820 vimmo
840 1761 934 1822 ctiam
959 1776 1104 1830 trecenta

6 1863 23 1908 st
37 1846 260 1931 quinquaginta
280 1841 452 1934 probarim
481 1841 642 1922 multoque
660 1841 814 1923 largiores
830 1843 876 1904 ibi
889 1861 1013 1922 essent,
1036 1850 1113 1912 nisi·

6 1933 167 2003 simiarum,
198 1929 404 2012 psittacorum
430 1923 627 2007 aliorumque
657 1924 761 1987 avium
782 1928 929 2009 agmina,
958 1949 1113 1995 nonnum·
1138 1967 1141 1978 .
1187 1933 1190 1940 ⁴

6 2039 78 2098 quam
106 2015 203 2076 etiarn
229 2011 401 2086 formicae,
431 2021 536 2068 terrae
558 2007 681 2096 fructps
704 2010 894 2073 minuerent.
936 2015 1104 2080 Caeterum
1177 2056 1209 2086 ι.
1269 2049 1273 2069 ⁴
1319 2027 1320 2096 l

6 2103 64 2170 saed
85 2101 193 2182 planta
214 2095 385 2178 aparvulis
403 2111 536 2175 quoque
556 2090 707 2163 insectis,
729 2093 761 2154 ni
778 2093 882 2168 fallor,
905 2095 1033 2179 tipulis,
1056 2102 1104 2162 in·

6 2185 126 2257 raditur,
151 2199 232 2264 quae
250 2179 385 2242 calamos
400 2188 561 2258 pungunt;
585 2190 617 2237 et
634 2176 767 2238 collecta
792 2196 888 2260 grana
905 2201 922 2240 a
941 2184 1103 2247 Curculio·

6 2267 94 2342 ribns,
127 2263 350 2338 Derruestibus
380 2271 413 2321 et
441 2259 510 2320 aliis
537 2258 715 2321 scarabaeis
738 2259 922 2324 ereduntur.
975 2265 1019 2325 tlt
1042 2269 1102 2330 ini-

6 2353 58 2412 nici
85 2345 319 2434 quodammodo
350 2341 516 2427 prohiberi
548 2341 590 2403 ita
617 2356 767 2424 possunt,
803 2357 838 2406 ut
867 2339 1013 2427 spadices
1039 2371 1100 2414 una

6 2455 55 2494 :um
73 2434 181 2520 granis
208 2432 240 2492 in
258 2429 377 2514 spathis
391 2431 477 2510 justa
494 2425 613 2487 sumum
628 2424 736 2488 rabin
749 2425 821 2488 loco
842 2429 909 2490 sliri
930 2432 1024 2512 plane
1046 2455 1102 2496 es-

6 2521 88 2580 ›osito
120 2513 371 2600 suspendantur,
410 2509 496 2594 quod
521 2508 648 2592 quidem
673 2509 707 2569 in
734 2531 829 2591 parva
861 2513 957 2576 totius
988 2519 1103 2581 messis
1132 2503 1135 2518 ⁸

6 2617 72 2665 urta
89 2603 194 2663 solum
212 2597 357 2660 adbiberi
373 2595 485 2678 possit.
527 2592 687 2662 Interdum
702 2593 863 2674 graniculis
880 2596 973 2659 etiam
988 2602 1102 2668 morbo
1163 2607 1166 2614 '

6 2687 128 2747 ordinis
159 2684 245 2766 nigri
268 2693 479 2762 occupantur,
509 2677 537 2738 si
558 2677 687 2759 gravior
707 2689 812 2740 aestus
835 2680 928 2742 simul
949 2676 1020 2746 cusu
1045 2683 1109 2746 iml'
1134 2729 1137 2736 ,
1181 2744 1187 2755 x

6 2771 92 2844 tribus
112 2769 234 2831 diutius
249 2766 386 2848 ingruit,
417 2775 470 2823 aut
494 2760 633 2844 agricola
665 2761 879 2842 stagnantibus
899 2765 989 2848 aquis
1007 2765 1102 2830 efflu-

6 2855 34 2915 is
59 2856 138 2916 dare
170 2851 313 2933 negligit.
364 2846 527 2908 Formione
575 2845 689 2906 lantam
709 2863 873 2926 aggressus
898 2847 990 2930 igne,
1013 2851 1111 2916 inmo·

6 2939 34 2998 ‘el
53 2961 135 3021 aqna
156 2936 265 2996 delere
284 2951 417 2994 necesse
436 2943 493 2991 est.
565 2939 688 3000 tanes,
711 2928 821 2992 sisariae
847 2930 990 3016 aliaeque
1012 2935 1103 3000 ierne

6 3038 154 3105 agentur,
186 3017 285 3082 seduli
313 3015 425 3078 rustici
452 3011 601 3076 excubias
634 3009 788 3094 agendas,
819 3012 910 3096 ignes
938 3029 1040 3082 noctu
1054 3024 1100 3084 in.

7 3107 168 3167 radendos
186 3116 238 3164 aut
253 3099 423 3162 manduces
444 3098 637 3178 crepitantes
658 3096 841 3158 statuendos
864 3101 985 3163 curant.
1191 3099 1194 3110 '

64 3193 99 3250 ln
122 3186 287 3250 emendata
303 3185 386 3246 Zeae
409 3182 530 3246 cultura
550 3179 704 3261 imprimis
729 3180 824 3242 aratri
845 3181 988 3260 inductio
1010 3188 1101 3270 poni·
1159 3211 1164 3230 ¹

6 3298 55 3350 ur,
101 3273 294 3353 uorlrmagno
310 3289 380 3330 cum
396 3263 585 3347 compendio
607 3276 638 3324 et
654 3262 804 3344 temporis
820 3277 852 3326 et
872 3285 1041 3349 operarum
1062 3271 1101 3332 ad

6 3295 154 3420 areolum
180 3357 394 3434 sulcosagere
413 3349 526 3432 possit.
574 3347 694 3412 Verum
718 3345 888 3410 dolendum
914 3364 979 3423 est,
1009 3349 1110 3426 nodo,

9 3445 96 3513 assim
123 3441 189 3502 boc
214 3438 291 3500 utile
305 3437 560 3499 instrumentum
585 3432 620 3492 in
667 3429 819 3494 ro'vinciis
842 3433 1101 3499 meridionalibus

6 3549 88 3588 ausu
104 3541 200 3600 esse,
232 3521 287 3582 ubi
308 3519 434 3582 facilius
457 3517 585 3598 quidem
612 3451 757 3576 utlbiberi
779 3527 902 3597 potest,
936 3519 1022 3600 quod
1050 3540 1101 3580 so.

6 3633 43 3671 un
65 3611 171 3672 minus
196 3605 360 3688 inaequale
386 3615 498 3684 totque
528 3598 648 3662 truncis
672 3611 705 3659 ot
726 3597 886 3662 radicibus
908 3621 973 3663 non
994 3616 1100 3686 putre-

6 3697 73 3756 actis
97 3713 163 3754 non
193 3688 398 3772 perstrictum
427 3697 494 3758 est,
526 3703 618 3768 quam
637 3681 671 3742 in
696 3683 781 3764 agris
802 3683 958 3765 sylvarum
979 3687 1101 3769 primae

7 3778 213 3860 rstirpatione
228 3772 337 3854 partis.
390 3771 536 3832 aratrum
565 3765 671 3848 Maydi
690 3764 844 3829 colendae
880 3768 988 3831 utilius
1016 3786 1100 3834 esset

8 3885 72 3923 uam
94 3853 454 3931 caesarianorum,
476 3848 562 3949 quod
582 3850 667 3912 illius
686 3847 849 3932 longiores
863 3849 987 3913 radices
1007 3847 1100 3918 altini

6 3949 81 4006 alum
106 3947 249 4028 exigunt.
291 3940 436 4022 Magnam
455 3933 748 4005 alutinensium,
780 3933 969 4015 praesertim
988 3937 1022 3998 in
1036 3951 1100 4001 ste·

6 4030 150 4090 ilioribus
166 4025 287 4109 plagis,
310 4024 418 4107 quales
443 4020 476 4080 in
493 4019 595 4080 Minas
615 4030 648 4078 et
663 4016 791 4077 omniuo
809 4014 842 4075 in
857 4019 975 4100 campis
990 4020 1107 4100 siccisa
1212 4083 1222 4104 ι

6 4135 42 4174 oe
68 4113 170 4196 sylvis
202 4107 358 4187 culingas
388 4104 613 4174 inveniuntur,
652 4100 686 4160 in
711 4098 909 4182 adquirenda
933 4101 997 4166 Zea
1018 4119 1099 4168 ster-

6 4201 103 4260 sratio
130 4193 282 4270 uil'erret3
310 4189 423 4256 multas
446 4189 531 4250 enim
553 4182 703 4267 regiones
726 4181 788 4246 boc
810 4181 888 4260 utile
907 4179 1102 4254 lrumentum

6 4283 80 4344 lhuc
97 4299 164 4341 non
180 4279 315 4362 gignere
332 4285 475 4342 constat,
506 4265 763 4354 proptereaquod
787 4267 960 4352 incolarum
981 4273 1104 4336 inertia
1136 4323 1139 4336 .

6 4369 77 4428 »lum
104 4361 337 4428 stercoratione
369 4371 401 4422 et
422 4354 592 4422 notatione
612 4369 803 4435 praeparare
815 4351 968 4436 neglexit.
1009 4357 1096 4420 Cala.
