2652 4852
219 299 304 396 eti*
340 323 342 329 ’
410 325 620 392 (inamunau.
664 325 878 393 Ouaunvarro
901 319 1138 395 oaocaarnaca.

212 521 250 574 ut
273 507 425 571 Pauiceiu
455 507 577 571 noatria
604 505 701 570 etiam
730 505 959 572 Saccbariueaa
991 509 1151 586 adulamur,
1178 511 1277 598 reliqna

100 609 104 626 '
210 613 291 660 veno
324 611 435 656 omnen
464 591 601 654 bailias
632 593 763 655 nomine
789 595 988 656 lloaceaunnu
1011 597 1277 680 comprehendamus.

212 677 248 740 in
269 697 300 738 n.
323 697 476 738 enowtuau
499 676 601 756 prima
617 676 704 740 tribu
720 675 799 752 264,
821 678 855 738 in
871 677 971 739 altera
992 677 1049 761 adq
1069 681 1183 766 speclea
1199 695 1278 756 eruut,

209 759 294 824 unde
308 759 472 845 sequitur,
495 760 648 822 Puniceus
666 760 698 821 in
717 760 853 822 Braeilia
871 763 970 824 multo
990 762 1212 848 frequentiores
1226 785 1278 834 cusa,

208 864 247 907 ec
261 843 293 904 in
304 847 392 905 Nora
403 841 591 936 ‘Hollandim
634 847 675 906 At
691 865 767 906 uero
786 845 883 906 etiam
898 846 932 906 in
953 847 1087 909 Braeilia
1105 847 1219 908 marinna
1231 869 1278 927 pun

211 927 298 990 inter
329 931 544 1010 Aequatouteuu
574 939 608 989 et
637 929 812 1010 Tropicum
838 931 1030 1010 Capricorni
1054 932 1234 1000 continetur,
1259 945 1279 991 et

207 1010 301 1093 hujus
327 1011 466 1096 denique
493 1011 619 1072 numeri
644 1033 717 1092 para
748 1011 843 1095 longe
865 1013 975 1096 potior
998 1016 1127 1078 nonniui
1151 1015 1240 1098 paucis
1256 1015 1279 1074 al

210 1099 396 1180 Aequatone
411 1092 562 1178 gradibne
577 1097 712 1158 recedit.
753 1098 866 1180 Longe
885 1097 982 1159 aliter
1001 1117 1072 1160 reae
1091 1097 1194 1159 babent
1210 1099 1272 1178 lgm

211 1194 300 1244 otene
315 1199 351 1242 ac
375 1180 525 1260 Stipeue,
547 1199 628 1262 qnae
644 1179 684 1241 ad
701 1182 916 1260 Aequatouena
937 1183 989 1242 uix
1005 1201 1042 1246 ac
1065 1202 1106 1244 ne
1123 1183 1169 1245 riu
1189 1183 1281 1265 quiden

210 1277 402 1336 occurrunt,
425 1281 556 1325 numero
573 1275 679 1325 tannen
701 1276 875 1346 nugentur,
905 1285 970 1349 qno
991 1267 1129 1347 propius
1149 1265 1184 1326 ad
1203 1266 1281 1347 Capul·

210 1342 303 1424 corni
325 1346 480 1408 circulum
497 1344 634 1424 venitur,
686 1346 879 1410 Chlorideae
907 1348 1039 1432 quidem
1062 1350 1145 1412 iuter
1164 1351 1281 1434 dequeo

93 1443 96 1456 ·
208 1447 281 1494 rem
313 1430 554 1515 Tropicumqne
588 1429 667 1490 satie
691 1429 904 1527 aequabiliter
930 1429 1066 1496 diffusae
1098 1431 1281 1502 rideamne

209 1515 493 1578 Seccbarinearnm
526 1532 678 1574 nnmeruu
706 1535 808 1594 major
835 1513 905 1576 iore
929 1529 1018 1578 extra
1047 1518 1206 1601 Tropicuuu
1222 1515 1282 1586 babi·

209 1611 275 1677 tut3
294 1595 1281 1683 quibusetiaminregionibusHordeuceaeantomuuu,autcerte

133 1719 140 1738 .
210 1701 288 1756 eae,
322 1697 403 1766 qnae
430 1681 532 1764 probe
555 1694 768 1762 apontuneue,
799 1679 966 1756 habitant,
1002 1696 1036 1744 et
1064 1705 1143 1770 quae
1166 1685 1280 1750 cuduntur,

209 1785 326 1852 magno
350 1777 507 1846 proventu
535 1765 692 1828 cultorem
712 1781 975 1840 remunerantur,
1004 1767 1079 1828 dum
1105 1771 1181 1830 iutra
1199 1765 1280 1846 Tropi·

208 1867 283 1912 curun
296 1867 360 1911 non
378 1849 443 1911 niul
463 1849 498 1911 in
522 1848 680 1929 einamodi
701 1847 782 1910 locis
804 1850 1027 1930 inueniuntur,
1055 1873 1135 1936 qnae
1154 1873 1199 1912 aua
1213 1867 1280 1930 nuper

209 1933 375 1998 Oceanum
417 1933 586 1996 altitudine
624 1931 720 1993 clima
752 1952 853 1996 nonae
890 1939 1088 2014 temperatae
1121 1935 1279 1998 aemulantur.

207 2014 419 2090 Bambuueie,
443 2017 529 2100 quod
546 2013 637 2078 valde
652 2013 768 2095 doleo,
801 2017 1018 2078 examinandis
1041 2017 1075 2080 iul
1100 2039 1204 2102 operae
1226 2013 1279 2076 laud

210 2098 391 2182 impensum
409 2113 478 2172 eat,
501 2112 537 2160 nt
552 2099 592 2161 de
604 2097 788 2182 epecierum
801 2121 933 2162 numero
943 2101 1031 2164 serre
1048 2104 1220 2170 sententian
1231 2121 1278 2184 1³0⁵·

208 2185 288 2258 eim;
308 2182 342 2243 id
358 2183 488 2268 quidem
504 2197 626 2244 certum
646 2197 712 2258 eat,
737 2184 848 2244 multae
869 2185 982 2246 adesce
998 2189 1141 2260 speclea.
1162 2206 1240 2271 quae.
1254 2183 1278 2240 li·

207 2281 261 2333 cet
274 2267 336 2348 jum
354 2267 423 2348 ipsu
445 2266 542 2329 culmi
561 2266 709 2340 crassitie
726 2279 758 2328 et
774 2267 995 2351 geniculorum
1017 2267 1276 2354 longitndiueeluu·

207 2355 330 2438 ginquo
358 2351 511 2412 distinctu
538 2349 678 2436 ¹faciles,
715 2363 786 2412 vate
813 2371 926 2426 eacro,
954 2367 999 2414 -ut
1025 2354 1071 2415 ait
1099 2357 1204 2420 Poeta.
1228 2353 1276 2410 ie

206 2435 363 2500 Botanico
384 2433 604 2506 describente,
634 2433 811 2497 adhucdum
840 2449 978 2498 careant
1033 2439 1167 2500 Maximo
1185 2451 1276 2498 nuent

207 2540 245 2583 re
269 2520 360 2582 ioneu
381 2517 440 2581 nub
459 2521 532 2601 ipso
548 2521 732 2602 lteqnatoue
749 2517 841 2591 sitne,
865 2539 921 2581 een
941 2521 1004 2602 ipui
1023 2521 1193 2601 adjacentes
1206 2535 1274 2580 unm

207 2541 377 2680 otiantur,
401 2599 455 2670 uhi
484 2603 580 2664 etiarn
606 2623 622 2662 u
650 2601 776 2684 populis
794 2601 1025 2684 “aboriginibus
1051 2625 1120 2668 cum
1142 2625 1206 2667 cura
1222 2603 1276 2684 plun-

208 2699 334 2758 tantuu,
354 2685 393 2748 ad
408 2685 569 2748 vallandoa
584 2705 622 2766 pn
647 2707 684 2746 oa
704 2697 817 2752 contre
831 2685 1001 2749 boutillnnr
1011 2689 1148 2751 tribuum
1163 2691 1276 2751 incurrat·

130 2805 137 2826 1
208 2775 284 2854 Ipae
302 2791 363 2854 ego
384 2770 417 2832 iu
438 2770 538 2852 ayluie
557 2768 594 2829 ud
618 2705 734 2830 liemon
751 2769 871 2850 Jepnru'u
894 2770 1051 2851 ejusmodi
1071 2773 1160 2836 denua
1183 2769 1279 2834 ssauabu·

209 2876 335 2922 aearum
358 2853 493 2924 fruteta,
523 2854 655 2998 triqinta
687 2865 720 2913 et
746 2853 833 2937 quod
855 2853 982 2918 excedit
1013 2858 1111 2938 podes
1133 2857 1201 2927 alta,
1228 2871 1280 2914 eun·

78 2989 79 2992 ,
116 2981 129 3006 ,
208 2940 319 3026 apexi,
351 2939 570 3000 lorsauBum
608 2958 675 2998 naa
698 2935 1043 3014 latitabundum,
1066 2939 1279 3011 efformatum·

206 3024 367 3108 mitesque
387 3023 475 3096 ludi,
498 3019 553 3082 ubi
567 3021 660 3082 nobis
676 3035 906 3095 occurrerent,
927 3021 960 3084 id
979 3045 1015 3085 au·
1039 3039 1160 3086 umento
1184 3021 1234 3084 atti
1247 3017 1280 3078 di·

208 3107 323 3169 cebant
351 3127 440 3178 eure,
483 3105 560 3166 olim
592 3123 694 3190 paguo
729 3103 784 3166 bic
814 3105 980 3183 iudicor(
1035 3106 1172 3180 adducor)
1198 3105 1279 3168 iriae·

204 3193 342 3254 Praeter
368 3189 423 3248 has
450 3188 664 3256 Bambnueaa,
703 3188 858 3267 uylrarum
894 3209 1005 3272 parum
1035 3189 1278 3276 auperooeuuun

206 3276 360 3339 elatarum
379 3271 419 3334 ad
438 3279 630 3334 Amazonum
647 3270 779 3334 ssnuium
795 3285 828 3334 et
847 3270 915 3353 ejus
931 3272 1129 3339 confluente·
1141 3275 1278 3372 indigente
1300 3265 1301 3360 l

111 3395 116 3406 ·
206 3360 283 3424 aliua
301 3357 435 3420 maximo
446 3375 580 3417 numero
597 3357 724 3418 illorum
746 3375 910 3418 nemorum
928 3357 1278 3439 alemannorumque

205 3441 354 3528 maguum
370 3439 458 3502 illurn
475 3441 646 3514 montium,
667 3441 753 3524 juata
772 3461 860 3504 orum
887 3443 1092 3519 maritimam,
1121 3447 1195 3506 inter
1210 3439 1279 3502 suu

204 3527 335 3614 ropolin
362 3537 395 3588 et
422 3527 453 3590 S.
482 3524 671 3588 Catburinae
697 3525 882 3606 prouinciae
906 3525 1047 3600 limites,
1086 3523 1278 3590 decurrentium

202 3628 360 3685 tracuuuu,
391 3605 488 3672 Serra
509 3607 550 3670 do
574 3605 657 3670 Mar
677 3608 815 3681 dictum,
837 3607 1008 3692 obtegunt.
1051 3615 1209 3674 llemoratn
1223 3619 1277 3667 rctt

204 3689 448 3783 dignissimbm,
493 3692 545 3754 luia
579 3691 660 3754 locis
690 3692 833 3774 gramina
860 3691 1042 3773 hujusmodi
1074 3687 1276 3758 antummum

204 3803 267 3845 nna
281 3803 351 3844 cum
367 3777 506 3841 salicibus
522 3775 672 3840 arborum
686 3773 838 3849 aemulis,
860 3796 925 3838 uon
947 3777 987 3839 ad
1009 3781 1157 3842 montium
1175 3773 1275 3838 ruitura

207 3865 264 3926 aed
291 3867 322 3926 in
349 3863 517 3926 altitudine
541 3861 716 3945 praecipue
743 3861 961 3924 idco-enoc
986 3861 1103 3945 pedum
1120 3881 1199 3946 supra
1215 3869 1276 3916 raam

208 3967 399 4019 occurrere,
432 3965 608 4031 zonamque
636 3956 755 4006 certam
783 3941 956 4008 hincinde
990 3948 1197 4016 concinnam,
1219 3941 1275 4032 uitp

206 4053 298 4118 quem
316 4031 418 4094 souma
444 4032 549 4112 ayluae
567 4027 744 4111 aboriginis
766 4039 925 4098 mutatur,
958 4031 1189 4094 succedentibus
1209 4023 1275 4084 uiua·

202 4137 274 4180 rum
289 4115 456 4177 arboribus
473 4111 697 4176 humilioribus
720 4110 857 4195 aliisque
878 4109 1029 4194 fruticum
1051 4113 1175 4186 formio,
1197 4105 1273 4192 qualo

202 4201 276 4265 altis
296 4195 490 4284 planitiebua
509 4196 732 4281 montibusque
759 4195 949 4257 interiorum
974 4198 1142 4280 regionam
1165 4189 1272 4296 propte}⁸

206 4297 296 4356 aunt,
320 4283 353 4342 iu
370 4296 575 4362 conapectum
591 4281 802 4342 uenientibuu.
844 4282 934 4341 lianc
952 4299 1066 4344 nonam
1084 4289 1273 4366 grnnuuunttj

204 4361 444 4433 boreucentinm
474 4361 507 4440 iq
532 4383 646 4448 mappa
672 4363 1022 4452 (vegetationucnrte),
1057 4385 1137 4454 quae
1157 4364 1272 4430 itiueutssi
