2676 4846
209 291 274 361 m
321 281 538 356 Gaurum
586 275 807 354 Osssursrss
828 293 1084 346 umrcrrcsnr
1106 257 1323 344 amuranus

204 490 272 540 mus
293 463 447 552 paniculis
474 457 627 540 separatis
648 456 702 519 alii
721 455 834 520 rustici
853 454 892 532 ,iu
908 455 1000 538 agris
1017 455 1198 540 putrefieri
1218 461 1322 530 sinunt

203 556 257 620 alil
282 551 487 618 comburunt,
520 555 574 603 aut
595 541 706 618 cinere
728 541 934 602 stercoraturi
962 554 1015 602 aut
1042 543 1196 604 ciuerem
1222 546 1323 606 clarel.

204 640 299 710 latum
317 634 428 716 siponi
451 625 680 712 praeparaturi.

286 720 377 801 Quae
399 715 533 780 diximus
559 707 599 769 dc
629 706 750 789 Maydis
777 706 901 769 cultura
930 704 1104 770 sufficient.
1159 711 1281 772 Restat
1300 727 1324 770 ut

201 804 350 869 nonnulla
368 801 408 862 de
428 797 561 874 utilitate
576 791 644 873 ejus
660 805 692 852 et
707 811 766 854 usu
784 790 992 852 oeconomico
1010 779 1181 856 addamusu
1225 791 1324 882 Quin

204 911 295 974 qaam
319 885 414 950 culmi
437 901 474 944 ac
499 878 576 942 lolia
595 873 754 938 interdum
769 873 809 936 ad
823 871 996 956 pascendas
1011 874 1158 956 pecudes
1182 876 1325 940 adhibes

202 989 273 1044 tur,
302 973 412 1053 inquo
427 987 502 1028 casu
526 962 630 1044 planta
655 958 785 1020 densius
808 958 958 1020 seminari
974 958 1073 1032 solet,
1106 961 1217 1022 multo
1237 974 1334 1024 tauns

203 1059 304 1139 major
336 1075 411 1118 usus
438 1065 609 1132 granorum
638 1056 703 1112 est,
734 1055 867 1124 quaest
889 1041 1070 1104 hominibus
1087 1057 1123 1104 ct
1140 1044 1265 1108 bestiis
1281 1069 1324 1108 nu

206 1138 341 1206 trieudis
365 1157 401 1200 sc
424 1127 615 1196 roborandis
632 1123 813 1208 aptissima,
844 1124 940 1186 immo
972 1125 1083 1198 etiam,
1127 1129 1284 1190 Minairis
1303 1149 1326 1190 et

205 1221 379 1294 Pauliisnis
405 1213 638 1284 asserentibus,
671 1229 763 1292 quam
788 1206 892 1270 iarius
915 1229 955 1270 ex
984 1207 1203 1272 Mandioccae
1234 1211 1326 1274 radice

204 1322 312 1394 parata
335 1305 432 1366 multo
448 1297 623 1364 salubriora
638 1313 709 1362 esse
727 1291 885 1353 dicuutur.
929 1292 1034 1436 quum
1049 1293 1140 1354 cuim
1159 1294 1236 1358 illic
1254 1296 1325 1358 locs-

171 1403 177 1410 “
207 1415 277 1456 runs
302 1407 412 1456 omnes
433 1405 485 1448 res
500 1379 640 1444 medicas
656 1389 689 1438 et
707 1374 843 1438 cibarias
858 1375 892 1437 in
914 1397 949 1438 ca
964 1375 1009 1435 idi
1027 1380 1281 1462 temperamenti
1301 1394 1325 1439 et

203 1475 315 1561 frigidi
338 1471 553 1553 distinguere.
575 1481 643 1528 mos
661 1459 821 1533 obtineat,
844 1461 926 1522 Zeus
949 1458 1084 1523 farinam
1096 1461 1200 1524 iuter
1225 1463 1334 1526 calida

201 1560 345 1628 dianihot
370 1565 481 1618 contra
509 1550 595 1628 inter
622 1543 738 1626 frigida
766 1541 895 1606 hubent.
947 1543 1130 1606 Granorum
1156 1543 1266 1607 farina
1285 1547 1324 1606 rel

226 1666 296 1708 uam
317 1638 522 1704 subtilissime
549 1629 678 1692 molitur
706 1621 839 1704 (Faba)
869 1627 920 1688 vel
953 1627 1091 1688 crassius
1131 1627 1321 1690 diminuitur.

202 1667 354 1794 iubssavo
385 1737 435 1788 est
466 1718 595 1788 colors,
625 1711 756 1774 multum
781 1731 880 1794 aquae
907 1709 1076 1784 absorbet,
1109 1733 1233 1794 purum
1254 1715 1320 1774 inta-

80 1819 83 1845 ¹
153 1815 157 1822 '
202 1813 336 1884 menis,
366 1803 616 1870 asturiarum,
648 1795 807 1858 fermento
831 1795 881 1856 vir
901 1793 1107 1876 conjungitur
1126 1815 1167 1858 ac
1191 1813 1320 1858 reseras·

205 1913 373 1964 consutos
393 1889 546 1970 ,subnigra
575 1880 690 1944 evadit.
742 1877 868 1972 Quibus
896 1875 1042 1938 omnibus
1076 1880 1265 1942 rationibus
1288 1881 1319 1942 si·

204 1980 334 2046 millias
348 1988 397 2038 est
413 1972 533 2042 sannae
553 1967 682 2050 generis
701 1963 837 2046 Sorghi‚
866 1960 951 2044 quod
977 1960 1015 2021 ab
1039 1960 1123 2022 alma
1149 1981 1257 2025 matre
1273 1967 1320 2024 Na

204 2081 276 2130 tura
305 2059 432 2124 Africae
466 2049 642 2116 continenti
671 2047 866 2129 impertitum
904 2063 976 2116 esse
1003 2043 1154 2117 ridetur,
1191 2062 1228 2109 ut
1253 2047 1319 2108 ides

204 2157 362 2234 praestet,
385 2137 471 2224 quod
495 2137 528 2199 in
550 2131 696 2198 America
712 2133 775 2192 Zea
838 2131 867 2190 A
888 2125 989 2189 farina
1014 2141 1212 2190 nostrorum
1234 2133 1334 2212 sulgr-¹

205 2235 288 2297 rium
305 2225 484 2292 Cerealium
504 2218 605 2282 farina
619 2217 701 2278 Zeae
715 2211 876 2306 imprimis
888 2211 921 2272 in
940 2207 1124 2284 ecditiam,
1149 2215 1244 2296 quod
1263 2215 1334 2272 laic¹

206 2319 260 2382 ills
272 2311 421 2382 materia,
449 2301 641 2390 quse.panis
664 2313 819 2360 tumorem
836 2294 957 2368 efficit,
988 2295 1097 2376 gluten
1125 2297 1179 2360 sic
1207 2297 1318 2360 ffictun.

206 2421 272 2464 nou
286 2397 382 2474 insit;
405 2390 463 2458 sed
481 2407 540 2472 pro
556 2403 595 2446 eo
611 2383 726 2456 Zeine‚
748 2405 766 2443 a
788 2381 828 2444 cl.
851 2399 990 2442 connisa
1007 2379 1158 2442 inventa:
1191 2383 1318 2442 subm

207 2487 250 2550 tis
269 2479 368 2552 ssusa,
391 2477 518 2545 cerina,
541 2467 663 2534 mollis.
685 2468 788 2538 lenta,
819 2465 966 2535 classica,
994 2461 1157 2543 insipida,
1192 2465 1263 2526 fere
1285 2465 1316 2523 iu

209 2569 326 2637 odora,
356 2581 435 2646 qnae
452 2577 529 2641 aqua
547 2568 584 2632 et,
596 2551 677 2615 oleis
695 2547 865 2632 pinguibus
883 2545 1141 2620 indissolubilis,
1164 2537 1212 2624 ’in'
1227 2549 1319 2632 spirits

208 2651 277 2716 nini
295 2649 372 2728 (boc
395 2646 467 2727 ipso
485 2664 502 2702 a
518 2636 640 2720 glutine
667 2631 848 2705 distincta)¹
878 2629 1007 2692 aethere
1032 2643 1065 2691 et
1090 2631 1172 2692 oleo
1199 2633 1320 2694 tershiu.

210 2736 317 2800 ticinae
332 2731 478 2800 omnino,
509 2719 636 2804 aquosis
656 2715 756 2788 acidis
773 2713 978 2776 mineralibus
999 2726 1031 2774 et
1047 2711 1173 2776 salibus
1196 2717 1320 2780 alealiuis

123 2869 126 2876 ,
208 2816 357 2884 causticis
379 2821 530 2894 exparte
555 2800 768 2872 dissolubilis,
799 2799 917 2862 resinis
938 2796 1155 2880 conjungitur.
1204 2801 1320 2862 Praeter

208 2919 289 2984 hanc
315 2911 493 2982 materiam,
522 2905 655 2986 amylum
676 2886 846 2992 (ἕξω-Μ),
868 2895 1003 2979 gummi,
1037 2893 1249 2972 saccharum,
1275 2919 1322 2958 m.

210 3017 308 3081 t'eries
327 3011 537 3079 albumimsn,
561 3000 787 3069 extractivum,
810 2995 888 3060 libra
907 2994 1096 3078 vegetabilis
1115 3009 1150 3056 et
1170 2996 1285 3059 humor
1297 2995 1322 3054 iu

208 3099 330 3182 Mardis
350 3095 453 3158 sat-ina
469 3090 682 3170 continentur.
735 3081 793 3144 Ob
808 3081 895 3142 illurn
917 3079 1046 3162 glutinis
1068 3075 1240 3142 desectum
1254 3083 1322 3140 err

208 3185 310 3248 farina
328 3181 431 3242 minus
450 3176 579 3258 inpane
600 3170 706 3252 (panis
720 3165 758 3228 ei
774 3184 811 3228 ea
829 3177 955 3246 paratus
978 3175 1012 3223 et
1030 3158 1125 3222 Brou
1149 3163 1257 3230 dictus
1278 3183 1321 3222 aa·

210 3287 271 3354 que
287 3265 390 3328 suavis
409 3279 512 3344 neque
527 3255 669 3332 saluber)
694 3271 785 3335 quarn
814 3249 848 3310 in
873 3247 1047 3328 placentis,
1079 3265 1155 3308 cum
1183 3248 1321 3310 sacrhsru

210 3365 243 3418 e't
271 3347 461 3412 aromatibus
486 3343 520 3402 in
542 3341 632 3403 vario
661 3335 754 3418 operi
773 3333 908 3416 pistorio
934 3328 1151 3404 consumitur,
1183 3335 1321 3412 omnique

107 3455 110 3461 ’
209 3427 304 3500 modo
331 3433 362 3495 in
395 3425 542 3511 coquinis
572 3435 748 3506 apparatur.
800 3412 902 3499 Angli
928 3427 961 3475 et
987 3407 1150 3498 Ansunge
1182 3429 1323 3478 voantur

252 3521 356 3584 lentae
379 3513 524 3598 species,
559 3526 638 3592 quae
671 3501 797 3565 fervida
823 3519 901 3590 aqua
930 3511 983 3559 aut
1009 3497 1081 3579 jure
1110 3501 1259 3562 carnium
1279 3513 1322 3558 aut

231 3543 251 3584 o

208 3545 290 3669 [acte
321 3603 421 3684 rigata
456 3593 567 3656 solitus
599 3589 709 3662 cibus,
761 3582 950 3668 praesertim
982 3580 1171 3657 serras-uni,
1215 3583 1319 3646 existit

210 3689 335 3754 caseus
357 3696 389 3748 at
411 3675 555 3762 Minguu
578 3675 657 3735 aliae
680 3685 754 3733 suut
773 3667 968 3732 ferculorum
980 3665 1110 3748 species
1128 3685 1172 3726 ex
1190 3687 1228 3730 ea
1245 3685 1320 3749 para·

209 3787 332 3844 torum,
364 3759 584 3852 (quadraginta
606 3757 733 3818 diversa
755 3753 876 3815 fercula
900 3749 934 3810 in
951 3749 1099 3810 Amerina
1121 3769 1164 3810 ex
1181 3771 1221 3814 aa
1241 3747 1318 3814 cosli

211 3855 390 3930 dicuntur);
425 3861 458 3909 et
489 3843 661 3986 praesigne
689 3842 723 3899 in
754 3834 927 3919 provinciis
957 3829 1020 3894 nis
1042 3830 1181 3896 Grande
1205 3834 1248 3895 du
1264 3829 1318 3893 Sal.

211 3942 244 4004 S.
258 3933 358 4001 Penii
377 3947 410 3996 et
432 3927 565 4003 Minus,
614 3922 733 3999 'anjicu
759 3922 806 3983 sic
834 3919 918 3980 dicta
943 3915 1092 4000 inprimis
1122 3919 1230 3990 valet,
1269 3919 1318 3998 jus-

210 4023 315 4102 culum
332 4041 370 4082 ex
385 4017 508 4102 granis,
538 4025 619 4074 testa
644 4005 805 4073 amariore
828 4013 987 4084 separata,
1018 4019 1088 4062 com
1110 4001 1198 4066 lacte
1217 4017 1250 4063 et
1266 4017 1316 4060 sac·

116 4125 119 4132 ’
211 4107 481 4188 claramnium,
515 4096 672 4159 ferculum
698 4088 811 4151 rustici
831 4084 1086 4170 quotidianum*
1105 4105 1172 4168 quo
1202 4087 1315 4146 iurans

212 4181 350 4254 l'tulista
376 4199 441 4246 non
455 4181 561 4244 minus
581 4199 616 4240 se
632 4176 728 4262 jactat
745 4189 836 4316 gurm
859 4167 1046 4241 itineribus,
1080 4167 1200 4252 quibirs
1226 4167 1314 4228 liran-

211 4277 286 4338 liam
318 4269 454 4344 detexit,
495 4277 527 4325 et
553 4261 674 4345 magnis
699 4255 803 4340 paliis
833 4254 904 4316 sine
929 4251 1063 4314 manicis
1091 4247 1268 4335 (Poncky)
1288 4265 1315 4308 at

210 4353 358 4436 stragulis
375 4345 551 4432 pensilibus
568 4347 724 4408 lectorum
742 4342 817 4404 loco
838 4337 986 4401 inductis.
