2652 4852
16 315 218 408 laurea·
251 337 473 406 Osssassrso
502 355 690 404 asoeoarcs
718 357 765 402 ssa
794 356 1003 404 oacoroasscs
1050 347 1115 414 569

19 521 216 604 osoperiors
232 533 324 603 parte
340 521 590 583 remanentibus.
634 520 825 584 saccharum
850 520 995 584 melioris
1020 537 1116 588 notas
1187 537 1194 548 “

16 605 162 674 ,solverem
191 618 266 668 tunc
293 606 377 667 sistit
402 603 606 688 graculorum
639 606 748 693 colore
771 604 899 668 helvolo
921 605 969 668 ael
994 607 1116 672 albido·

15 687 213 762 flavescente,
248 688 480 769 subsicciduro:
513 687 695 770 saccharum
716 687 960 750 farinaceum's.
983 689 1116 768 caddoni

15 788 194 856 tirancupsnt.
237 773 293 834 llla
315 793 393 834 vero
416 771 559 835 sacchsri
580 763 746 858 parmeni
768 771 870 851 maior
885 771 1001 857 liquidi
1025 771 1118 860 copia

15 857 161 928 nhacret,
193 856 305 918 colore
329 858 519 918 obscuriore
549 855 736 931 estpfulro
760 868 813 916 aut
834 853 957 919 rusuloi
977 849 1118 938 Morcu-

15 941 82 1000 lndo
116 941 235 1002 dicunt.
279 939 418 1018 Modulis
450 954 611 1010 exemtnm,
638 939 757 1002 storeis
780 940 969 1002 insternitur
991 946 1141 1031 solique¹

15 1023 181 1106 txpositum
206 1046 280 1086 mox
300 1037 423 1084 tantum
443 1023 641 1085 humiditatis
663 1023 800 1094 amittit,
823 1038 858 1084 ut
879 1025 1001 1108 magnis
1024 1031 1118 1094 cistis

19 1109 115 1190 igneis
144 1109 265 1169 includi
303 1109 427 1189 possit,
457 1106 633 1191 quibis-itt
653 1106 992 1189 {Europam¹rchitur.
1036 1115 1119 1177 Sunt

15 1193 61 1254 lae
81 1194 112 1252 in
141 1193 279 1257 Brasilia
307 1191 477 1263 maximae,
507 1193 628 1276 quippe
656 1212 736 1276 quoe
773 1189 990 1266 idco-'asooo
1019 1196 1118 1259 libra·

15 1297 68 1336 mm
98 1275 232 1357 po'n'dus‘
252 1289 408 1360 aequent3
440 1277 574 1360 parique
604 1275 827 1337 voluminexin
857 1276 990 1338 caeteris
1019 1282 1117 1344 terris
1167 1285 1169 1296 '
1202 1323 1208 1340 .

15 1359 220 1422 sacchariieris
252 1361 312 1423 rix·
335 1357 541 1426 fabricantur.
594 1358 784 1422 saccharum
814 1357 949 1446 crudusp
967 1362 1001 1424 in
1022 1363 1119 1444 solidi

15 1465 28 1504 t.
48 1443 251 1524 pyramidalis
271 1443 419 1520 sormam,
441 1443 593 1522 duritiem
613 1456 646 1506 et
667 1442 871 1526 splendorem
892 1458 1012 1508 mutare
1033 1447 1117 1514 haud

14 1528 256 1600 drusilicnsium,
273 1528 328 1590 sed
342 1528 530 1589 nostratium
544 1525 781 1590 estindustriae
797 1546 806 1604 ς
828 1527 871 1588 ita
887 1542 920 1589 ut
933 1527 1001 1592 illic
1015 1532 1117 1596 ter'rs·
1211 1587 1213 1592 .

14 1631 66 1670 rum
77 1613 127 1671 vir
138 1613 201 1672 nisi
213 1602 408 1675 farinaceum
424 1611 457 1672 in
469 1633 559 1674 usum
571 1612 676 1674 veniat
688 1609 784 1694 atque
795 1611 889 1672 crudi
905 1611 1052 1676 susciduli
1099 1639 1118 1682 e

14 1695 123 1778 puidam
145 1717 261 1778 panes,
294 1714 375 1780 quos
404 1691 727 1777 [lupadus-edicunt.
766 1692 915 1757 Ulterior
935 1712 1038 1761 autem
1055 1637 1117 1765 dh.

14 1780 124 1860 paratio
154 1779 193 1841 lit
222 1781 335 1842 ltersta
365 1797 436 1840 cum
466 1796 546 1862 aqua
574 1791 607 1840 et
633 1799 713 1839 cum
732 1799 812 1861 aqua
836 1779 933 1840 caleis
955 1785 1116 1861 coctione,

14 1861 257 1946 despumatione,
308 1883 368 1944 per
395 1883 517 1945 pannos
548 1861 657 1924 laneos
698 1863 942 1926 transmissione
974 1880 1006 1928 et
1034 1869 1120 1934 intra

14 1948 148 2010 modulos
171 1948 229 2020 iis',
254 1943 335 2031 qnos
357 1941 603 2028 descripsimus,
635 1945 758 2008 similes
779 1947 1056 2036 crystallisatione.

81 2033 178 2126 Quod
200 2033 347 2113 exposito
357 2030 418 2092 hoc
428 2031 525 2092 modo
542 2046 750 2114 praeparatur
771 2029 954 2094 saccharum
977 2038 1118 2113 crudum,

14 2115 106 2176 tariac
130 2117 231 2178 sortis
253 2128 321 2186 est,
358 2116 426 2190 sire
452 2114 544 2200 cotop
571 2128 753 2198 spectetur,
785 2114 853 2176 sire
875 2117 1019 2197 pondus,
1049 2123 1120 2188 sivo

14 2199 243 2282 deliquescendi
266 2201 358 2280 ocius
377 2199 636 2268 citiusreratio.
661 2197 728 2260 sire
749 2195 898 2262 dulcedo.
943 2200 1008 2292 Qui
1028 2226 1120 2268 usum

13 2283 51 2344 rai
72 2283 207 2358 habent,
236 2283 333 2345 facile
362 2283 440 2344 tritu
461 2283 547 2343 inter
567 2282 687 2366 digitos
710 2281 796 2341 illins
819 2287 1042 2362 praestantiam
1065 2309 1121 2351 ex.

13 2369 179 2446 pariuntur.
222 2368 373 2440 Candor,
403 2367 549 2437 siccitas,
582 2364 851 2448 graculorumquc
873 2367 969 2450 (quse
991 2373 1123 2452 crystal-

13 2449 51 2511 los
71 2453 190 2513 sistunt
212 2453 282 2534 plus
313 2443 418 2512 mimis
452 2447 554 2532 prope
578 2447 736 2526 evolutas)
768 2461 833 2509 tam
864 2450 1001 2513 durities
1030 2477 1123 2540 quam

13 2537 157 2615 asperitas
181 2535 369 2618 praecipuae
393 2547 465 2594 sunt
488 2532 674 2618 qualitates,
706 2553 787 2616 quae
817 2533 1002 2600 saccharum
1032 2561 1121 2624 egre.

13 2619 87 2698 gium
109 2619 260 2700 produnt.
287 2619 492 2704 .0ptimum‚
514 2615 600 2701 quod
622 2618 655 2678 in
676 2617 812 2677 Brasilia
834 2633 980 2698 paratur,
1010 2642 1121 2704 genus,
1201 2692 1206 2701 ,

13 2703 39 2762 io
58 2705 210 2786 regione,
241 2725 334 2786 quam
357 2699 495 2786 Campos
516 2703 574 2760 dos
596 2698 819 2784 Goyctucozes
850 2703 979 2778 dicunt,
1010 2709 1123 2792 coqui.

13 2799 71 2863 tur3
92 2787 169 2868 huic
190 2779 371 2868 proximum
392 2799 461 2859 est,
485 2785 572 2868 qnod
594 2805 633 2846 ex
655 2785 775 2866 oppido
798 2785 968 2848 Santonum
991 2789 1024 2850 in
1047 2813 1123 2872 pro.
1198 2813 1202 2820 ·

13 2871 105 2932 vincis
129 2869 164 2934 S.
188 2872 279 2932 Pauli
301 2869 407 2948 (Villo
428 2870 467 2930 de
488 2871 621 2947 Suntos)
642 2879 851 2950 exportatum
879 2883 945 2930 tum
975 2875 1125 2939 sacchars

13 2951 180 3030 bshiensia,
203 2969 236 3016 et
257 2955 429 3038 posthaec
451 2951 702 3038 pernam-bucano
725 2965 757 3013 et
778 2954 974 3038 reliquarum
998 2959 1036 3020 ad
1057 2961 1123 3022 Bo.

13 3057 89 3099 ream
120 3039 343 3102 secedentium
377 3037 613 3120 provinciarum
645 3035 828 3098 succedunt.
872 3039 1029 3102 lnleriora
1052 3043 1124 3128 qui·

13 3119 76 3184 dem
104 3137 180 3188 sunt
212 3124 382 3185 brasilians
415 3119 678 3192 ascalonitis,
719 3141 800 3202 quae
841 3122 871 3181 in
901 3123 987 3186 Cuba
1018 3127 1151 3190 insula*

13 3207 252 3290 praeparantem
281 3208 472 3268 antecedunt
497 3225 579 3290 pero
601 3203 765 3288 plerisque
788 3224 826 3265 cx
848 3206 935 3267 India
959 3209 1122 3289 orientali,

13 3289 87 3352 iuter
105 3311 189 3376 quae
211 3292 378 3352 siamensia
390 3291 513 3373 palmas
532 3289 641 3350 laudes
655 3289 804 3350 obtinere
827 3293 987 3372 putantur.

81 3375 299 3457 Designendis
325 3372 532 3458 qualitatibus
559 3369 759 3434 diversorum
788 3373 1010 3436 saccharorum
1032 3375 1124 3440 inde·

13 3476 63 3538 que
88 3459 237 3542 cogendo
266 3459 416 3540 'vectigali
446 3459 479 3518 in
501 3457 658 3518 Brasilise
681 3459 834 3536 portubus
853 3455 1003 3519 ollicium
1026 3480 1124 3557 pecu·

13 3541 81 3603 liare
101 3543 233 3625 publica
258 3547 463 3605 constitutum
487 3554 537 3602 est
561 3540 770 3614 auctoritate,
803 3544 888 3625 quod
910 3563 1052 3626 quamvis
1074 3545 1122 3604 ci·
1201 3607 1206 3626 ι

13 3636 80 3685 stam
97 3627 233 3708 inspicit
248 3627 401 3710 ferroque
413 3625 562 3686 candenti
581 3626 706 3708 signum
724 3624 1127 3710 determinatam(Ferros)

13 3707 124 3784 inurit,
155 3731 302 3794 proquo
330 3709 453 3771 stabilis
479 3709 633 3790 pecuniae
657 3729 798 3780 somma,
829 3723 862 3770 et
888 3711 986 3790 pretii
1013 3711 1126 3776 vendi·

13 3793 63 3853 tori
86 3807 119 3855 et
138 3795 309 3877 vectigalis
332 3792 533 3875 reipublicae
561 3793 725 3878 penditur.
767 3793 910 3875 Pretium
933 3813 1010 3856 sero
1034 3817 1126 3880 prae·

13 3887 53 3937 ter
75 3877 156 3938 illud
187 3876 302 3951 fixum,
342 3877 426 3961 quod
452 3877 553 3960 signis
582 3877 698 3938 inustis
714 3874 881 3948 delinitur,
904 3897 1030 3940 omnem
1056 3901 1125 3947 sac·

13 3959 90 4021 chari
113 3961 371 4024 aestimationem
384 3963 545 4044 complens
561 3955 662 4021 Preao
685 3958 777 4020 sobre
797 3979 833 4019 os
856 3955 972 4021 Ferrea
993 3959 1138 4045 dictum,

13 4045 98 4105 tariis
119 4043 307 4107 commercii
325 4041 599 4107 vicissitudinibus
619 4041 791 4105 obnoxium
818 4057 876 4104 cst.
920 4047 995 4107 Sunt
1018 4062 1125 4113 sutem

13 4127 54 4187 illa
70 4129 163 4212 signs
187 4129 283 4190 variis
305 4135 337 4191 in
360 4128 520 4210 portubus·
536 4129 639 4196 varia,
660 4128 705 4188 ite
731 4124 774 4188 ut'
788 4140 821 4187 et
844 4126 917 4190 heic
944 4129 1008 4193 loci
1025 4133 1125 4196 addu-

13 4211 102 4274 tenda
129 4211 316 4287 rideantur,
348 4233 389 4274 ne
414 4213 589 4274 bencsolus
614 4211 722 4272 lector*
741 4212 982 4294 praecipuarum
1002 4217 1123 4291 reram,

13 4313 83 4376 quae
112 4296 156 4360 sd
180 4297 323 4363 sscchsri
351 4295 582 4362 commercium
612 4287 796 4380 pertintlnt,
819 4295 913 4382 ‘quid
937 4299 1124 4364 desiderare

13 4393 123 4462 posset.
