2652 4852
213 275 277 351 ddi
325 271 532 356 Gulussae.
603 289 821 362 Ossa-svaran
844 311 1028 360 anoroarca
1047 316 1094 410 ,¹²
1115 315 1303 390 oscasamm

246 517 379 570 '‘s

362 615 600 676 onsenvlrto
627 619 842 677 nectentes
865 621 914 678 ΕΤ
939 622 1195 680 oeconomica.

302 821 512 905 Posteaquam
531 823 794 899 examinavimus,
825 845 886 908 qua
906 826 1033 888 ratione
1055 827 1090 887 in
1112 827 1239 888 Brasilia
1255 847 1304 906 gra

220 902 303 966 mina
321 902 466 985 dispersa
483 908 564 979 sint,
597 907 714 972 docere
733 909 815 990 jam,
838 910 998 992 quomodo
1014 899 1049 970 el
1063 931 1124 993 qus
1137 911 1253 972 ratione
1267 909 1305 968 ali

221 995 299 1068 quot
314 1008 424 1050 eorum
443 991 475 1050 in
498 992 551 1052 illa
569 1005 655 1052 terra
672 993 818 1054 colantur
835 1007 869 1054 et
884 1013 977 1077 quem
996 993 1037 1073 ard
1055 1015 1145 1056 usum
1164 993 1297 1055 adhibeas

219 1085 288 1146 tur,
316 1089 449 1136 neccsse
480 1089 538 1138 est.
589 1081 623 1139 ln
641 1096 701 1158 qua
723 1097 759 1137 re
778 1077 857 1138 haec
878 1079 942 1140 duo
959 1076 1037 1138 milri
1055 1077 1298 1160 proponendam

220 1159 301 1234 tavi,
323 1158 458 1240 primum
482 1172 517 1219 ut
538 1160 651 1222 lactori
675 1175 901 1236 monstrarem
925 1182 1004 1244 quar
1021 1181 1130 1222 eornm
1143 1161 1178 1222 in
1193 1161 1306 1221 illistrr·

219 1245 267 1310 ris
289 1255 374 1305 esset
398 1245 541 1320 cultura,
575 1243 689 1306 deinde
719 1257 753 1306 ut
788 1247 954 1308 nonnullas
985 1243 1155 1327 adjicerem
1186 1245 1306 1306 obsana-

157 1403 161 1408 ,
219 1330 323 1394 tiones
336 1359 355 1398 ,1
370 1347 450 1410 quae
470 1326 509 1388 ad
530 1324 782 1390 emendationem
806 1331 858 1390 rei
878 1329 1017 1392 rusticae
1042 1343 1096 1392 aut
1112 1329 1306 1393 oeconomica

218 1412 391 1502 pertinent.

302 1499 326 1557 l.
356 1493 508 1558 Maximus
529 1496 703 1578 graminum
723 1517 797 1557 usus
817 1496 851 1556 in
874 1517 913 1558 eo
953 1499 1054 1560 ositos
1071 1511 1139 1570 est,
1168 1495 1246 1580 qnod
1264 1494 1305 1552 ho

219 1579 358 1646 minibus
373 1595 405 1642 et
422 1578 534 1640 bestiis
549 1581 694 1642 alimenta
709 1580 881 1664 praebent,
917 1519 1055 1663 ideoque
1077 1582 1240 1644 conveniet
1260 1577 1305 1638 loe

218 1666 354 1750 primum
385 1683 546 1746 exponere
572 1677 667 1748 atque
691 1665 836 1746 incipere
853 1687 871 1727 a
888 1667 963 1726 Zea
985 1669 1041 1728 Ma
1049 1664 1142 1747 yde,
1163 1667 1244 1744 cujus
1257 1663 1305 1722 cal·

217 1765 288 1812 tura
304 1770 398 1830 supra
419 1762 517 1810 totam
536 1749 719 1822 Brasiliam,
747 1747 788 1810 ab
808 1749 994 1832 Aequatore'
1012 1769 1114 1833 usque
1129 1748 1171 1810 ad
1184 1745 1305 1810 meridia

219 1831 308 1898 males
331 1833 456 1914 imperii
476 1829 573 1902 lines,
603 1847 733 1894 extensa
751 1845 811 1896 est.
1137 1837 1144 1844 '

304 1916 396 1980 Haud
415 1915 543 1978 dubium
556 1931 623 1989 est,
646 1916 722 2000 quin
737 1917 813 1978 Zea
828 1921 937 2000 Mays
950 1917 1055 2000 planta
1073 1919 1115 1978 sit
1134 1937 1208 1978 rere
1219 1912 1304 1974 ameri-

220 2021 307 2066 cana.
349 2003 426 2060 Nam
446 1999 656 2081 antiquissimi
669 2014 832 2074 auctores,
863 2001 918 2085 qui
935 2001 1016 2064 hanc
1038 2000 1255 2068 occidentalem
1268 2017 1304 2054 or·

219 2082 270 2146 bis
283 2097 405 2168 partem
418 2084 456 2144 ab
476 2083 627 2165 Hispanis
644 2098 849 2166 expugnatam
870 2086 964 2147 nobis
984 2098 1135 2156 narrsm,
1168 2099 1201 2145 ut
1217 2099 1302 2144 ciarr-

220 2189 298 2231 soss
320 2189 364 2229 nn
385 2191 425 2229 ns
446 2187 548 2242 roos,
571 2187 630 2228 nos
653 2169 809 2232 certiores
831 2169 967 2240 iaciunt,
997 2167 1231 2232 Autoclttlaoms
1250 2179 1302 2222 tart

134 2319 139 2328 ,
217 2253 372 2336 temporis
393 2251 536 2333 Maydem
551 2253 715 2326 coluisse,
732 2249 801 2333 ejus
823 2273 919 2337 grana
935 2268 988 2315 aut
1008 2253 1092 2314 lrixa
1115 2267 1169 2313 aut
1188 2252 1218 2310 in
1236 2267 1299 2328 sqaa.

218 2333 352 2400 lacteae
369 2335 461 2398 melle
480 2351 572 2398 cocta
592 2352 642 2398 eut
655 2333 817 2419 placentae
834 2337 942 2420 specie
959 2336 1085 2412 edisse,
1106 2349 1139 2398 at
1163 2355 1202 2395 ue
1215 2335 1300 2392 Perua·

221 2442 280 2484 nes
309 2441 494 2504 expressum
520 2441 649 2488 succum
672 2419 836 2483 densando
854 2422 1035 2484 saccharum
1054 2357 1211 2506 quoddam
1226 2429 1300 2476 matos

222 2509 309 2579 esse,
332 2527 396 2568 non
417 2525 559 2568 secusne
570 2505 807 2568 extermannn
823 2500 1011 2568 decoctione
1029 2503 1223 2568 cerevisiam.
1239 2515 1299 2582 qun

223 2587 322 2653 Ciclru
351 2588 479 2662 dicunt,
513 2603 742 2670 compararent.
784 2589 959 2666 lllaa,altas
982 2589 1134 2671 regiones
1152 2588 1230 2666 justa
1245 2599 1301 2658 mg·

220 2673 295 2738 num
317 2676 418 2736 lacum
446 2667 611 2748 Tilicncu,
643 2673 683 2735 ad
696 2693 790 2756 quem
808 2687 932 2734 montes
948 2668 1159 2733 Cdirnboruan
1181 2673 1300 2752 ipsud

219 2759 312 2824 testis
331 2771 380 2820 est
403 2777 634 2828 runrssnnus,
654 2759 815 2833 excellens
836 2757 1077 2839 peregrinator,
1106 2753 1302 2816 altitudinem

219 2840 365 2928 periores
392 2861 428 2902 se
452 2841 582 2912 tollunt,
622 2842 654 2901 in
679 2841 794 2923 quibus
813 2841 913 2924 prisci
933 2840 1116 2922 splendoris
1136 2845 1301 2899 monuments

61 2922 65 2948 ¹
153 2936 158 2945 ’
242 2927 341 2992 rimae
354 2924 550 2988 amerieanae
573 2925 714 2987 culturae
732 2924 918 2986 incunabula
934 2923 1080 2986 indicare
1103 2923 1253 2986 videntur,
1269 2935 1303 2974 tt*-

218 2949 280 3078 des
307 3027 393 3080 esse,
425 3007 509 3069 unde
532 3009 665 3090 primum
688 3008 780 3070 istius
804 3009 891 3069 utilis
913 3007 1067 3068 frumeuti
1091 3009 1210 3070 cultura
1234 3017 1304 3092 ’ulf'

219 3110 322 3158 terras
339 3092 596 3172 Septentrionem
612 3113 724 3156 versus
739 3093 868 3154 sitaflac
888 3093 1055 3154 Brasiliam
1072 3111 1146 3152 sese
1160 3085 1302 3150 diffirdutl·

220 3175 404 3240 verosimile
423 3188 481 3236 est.
525 3175 618 3236 Haud
634 3175 762 3259 quidem
772 3176 911 3258 ignoro,
933 3176 1040 3256 plures
1066 3195 1139 3236 csse
1161 3173 1304 3250 scripum

223 3261 279 3346 qui
302 3259 415 3320 Zeam
441 3257 474 3320 iu
497 3259 632 3321 Brasilia
654 3279 781 3342 quoque
799 3279 947 3322 crescere
964 3258 1209 3327 contenderim,
1226 3253 1304 3312 deust

222 3359 324 3408 autem
340 3340 510 3404 dicendum
525 3342 602 3403 mihi
618 3357 698 3421 est„
715 3341 800 3425 quod
822 3341 883 3424 jam
907 3363 1001 3423 supra
1019 3337 1239 3404 animadverti.
1261 3349 1303 3392 ut<

203 3419 205 3432 ¹
220 3451 272 3492 me
285 3449 345 3490 nec
363 3427 475 3500 alium,
499 3441 646 3509 wantum
659 3427 745 3499 scio,
768 3426 963 3498 botanicum,
986 3446 1055 3488 eam
1072 3444 1172 3508 usque
1191 3424 1303 3514 lurotu·

221 3512 384 3577 invenisse
402 3524 515 3592 sponte
532 3525 738 3572 crescentem.
782 3511 871 3571 llaec
892 3509 995 3590 planta
1014 3511 1109 3570 etiam
1127 3529 1166 3570 ex
1183 3515 1304 3586 magunt·

14 3597 15 3608 ¹
120 3621 124 3628 ·
222 3600 297 3662 diue
315 3596 468 3659 seminum
491 3595 688 3676 mollitieque
709 3613 772 3654 non
793 3595 836 3656 ita
853 3611 1120 3674 comparataessc
1138 3589 1264 3652 ridetur.
1282 3593 1301 3638 οἳ

219 3681 333 3746 iisdem
350 3679 471 3751 modis,
500 3679 612 3776 quibus
625 3679 798 3760 plantarum
812 3676 930 3740 semina
945 3675 1091 3758 dispergi
1107 3677 1223 3744 solent,
1242 3667 1302 3730 aiti-

223 3781 276 3832 σοι
295 3777 410 3832 rento,
433 3759 581 3824 iluottbus
601 3775 652 3824 aut
665 3761 793 3838 aribus,
816 3781 855 3822 ex
880 3761 977 3842 patria
996 3759 1155 3842 primitiva
1178 3757 1210 3818 in
1227 3765 1303 3814 nott·

221 3874 273 3916 ras
285 3847 449 3912 Americae
464 3845 678 3908 meridionalis
694 3845 844 3928 regiones
858 3842 992 3905 dillimdi
1014 3843 1171 3926 potuerim
1187 3854 1303 3914 magr·-

153 3926 157 3934 ¹
222 3938 292 4002 rius
308 3947 494 4004 astscmen,
517 3951 608 4012 quam
625 3943 658 3990 ut
671 3927 954 4004 ventoaulcratur,
984 3940 1017 3988 et
1033 3927 1174 3997 mollius,
1195 3929 1300 4008 ‘lm‘

223 4039 322 4106 aquae
334 4013 499 4097 periluviis
513 4012 710 4098 germinandi
718 4011 895 4075 facultatem
910 4025 1090 4084 conservet,
1105 4025 1197 4107 atque
1211 4016 1301 4068 arran

223 4098 542 4170 iisdem.rationihus
570 4117 630 4160 nec
657 4098 770 4178 pennis
801 4115 860 4158 nec
880 4109 1006 4176 gutture
1028 4093 1106 4154 illud
1127 4091 1236 4154 datiae
1254 4103 1299 4166 p*

222 4203 304 4256 mm.
351 4183 439 4244 Unde
457 4181 617 4243 hominem
639 4179 758 4253 luisse,
791 4180 845 4262 qui
867 4181 982 4240 anm
1004 4180 1036 4238 in
1060 4177 1189 4238 llrasilia
1209 4181 1299 4256 qm!

223 4267 437 4354 dissipaverit,
460 4265 633 4335 statuimus,
651 4264 793 4346 quamvis
814 4263 878 4326 diei
892 4283 955 4323 non
975 4265 1093 4346 possit,
1113 4283 1173 4344 qua
1194 4259 1299 4318 viarm

221 4373 366 4442 tempora
394 4347 578 4430 longissima
605 4348 639 4410 in
665 4349 830 4412 Brasiliam
856 4346 991 4412 venerit.
1014 4381 1053 4394 —
1072 4347 1140 4408 lloc
1163 4359 1246 4406 aun·
1262 4333 1300 4394 οἱ·
