2596 4862
139 412 145 421 ¹
201 339 266 405 370
401 286 405 295 ¹
500 329 727 420 pennensis.
772 327 1023 392 Anrsasrsnaa.

287 537 319 582 s.
338 511 437 576 ramis
465 509 583 595 patulis
606 511 729 597 spathis
757 509 902 595 propriis
935 509 1158 593 glabriusculis
1182 511 1285 588 (lntlis

205 591 280 666 tinia
301 595 457 678 reflexa);
794 663 796 668 ,
883 601 886 610 ’
1007 606 1010 619 ’

288 715 319 768 β.
341 705 440 769 ramis
458 703 639 788 oppressis,
661 701 785 786 spathis
808 699 954 784 propriis
980 714 1015 762 ut
1043 703 1174 789 reliquis
1192 703 1285 766 villosis

204 792 317 872 (anth.
340 790 483 867 foliosa.)
718 863 723 880 ι

286 897 391 978 Hujus
417 893 614 978 posterioris
633 891 799 957 varietatis
817 903 869 954 est
898 891 1081 974 exemplum
1100 906 1231 958 nostrum
1246 893 1285 954 bra

181 980 346 1056 ssilieuse.
398 979 582 1062 Dispositio
610 979 807 1062 spicularum
830 997 890 1058 per
917 975 1092 1042 fasciculos
1114 979 1146 1041 in
1166 979 1228 1042 sliis
1247 979 1285 1040 slis

202 1065 362 1130 constanti
384 1077 491 1126 tamen
519 1063 641 1145 regula.
691 1061 895 1125 Peduuculus
922 1063 1103 1125 communis
1122 1064 1205 1144 apiae
1222 1061 1285 1122 bilur

203 1170 260 1214 cus
289 1147 494 1234 (ibidemque
526 1147 690 1246 ramisque
714 1147 812 1228 longe
843 1144 996 1225 villosus)
1029 1145 1070 1209 ad
1096 1147 1219 1210 alterius
1241 1167 1285 1208 rau

203 1233 295 1296 basin
312 1233 380 1296 sert
396 1231 537 1317 spiculas
561 1251 705 1316 gemmas
724 1229 878 1292 masculas
901 1230 1057 1304 musicas,
1085 1231 1170 1296 binis
1190 1230 1285 1312 plerum

202 1340 266 1402 que
286 1317 411 1380 neutris
436 1313 687 1380 dentiformilsus
710 1316 864 1398 stipatess
887 1313 1109 1390 alternemus,
1132 1313 1285 1400 pauloquci

202 1403 355 1476 brevior,
386 1402 500 1464 harum
525 1400 600 1464 loeo
626 1400 764 1482 stipatur
788 1399 914 1462 neutris
948 1399 1073 1486 aliquot
1103 1417 1285 1484 squamae-rs

64 1478 71 1491 “
202 1485 473 1563 slentiformibus3
506 1505 589 1565 apex
618 1483 738 1568 singuli
765 1483 848 1546 rami
876 1481 944 1546 sbit
969 1484 1003 1545 iu
1029 1485 1181 1564 apiculam
1202 1483 1285 1546 herm

203 1570 386 1652 phroditam
405 1569 457 1631 rel
472 1568 667 1634 foemineam
683 1568 878 1651 setigerum,
910 1568 1056 1632 adstante
1073 1571 1217 1654 utrinque
1237 1587 1285 1628 nas

201 1655 273 1717 cula
293 1653 487 1739 peslicellata
508 1651 672 1735 perlecta,
702 1652 808 1738 gluma
834 1652 999 1734 superiori
1020 1651 1181 1718 bidentata
1202 1669 1285 1712 nuos

203 1739 460 1822 nato-setigera.
512 1736 707 1801 Redimenta
733 1735 929 1820 spicularum
956 1735 1050 1800 s-3
1074 1735 1285 1821 imperiectsmn

201 1822 446 1886 ‹lentiformium
467 1822 564 1884 etiarn
589 1822 623 1884 in
647 1821 717 1883 basi
746 1820 867 1905 singuli
895 1820 1044 1884 fasciculi
1068 1821 1234 1886 terminalis
1254 1815 1285 1880 ol

201 1920 380 1968 servantur.
422 1907 514 1968 Haec
532 1904 714 1988 simplicior
732 1916 765 1966 ct
780 1904 960 1968 eommunis
975 1903 1095 1969 lorma.
1138 1909 1175 1970 ln
1189 1903 1285 1967 aliisae

200 1991 290 2052 cedit
310 1991 413 2054 altero
428 2009 517 2052 ramo
532 1989 618 2052 inter
625 1988 772 2072 spiculus
792 1987 913 2052 inseras
936 2003 969 2052 et
986 1991 1175 2055 terminales
1191 2009 1236 2073 par
1247 1985 1285 2068 spi«

201 2073 342 2136 cularum
364 2071 524 2147 medium,
562 2093 603 2136 ex
629 2072 739 2138 herma
761 2072 892 2138 hrodius
924 2073 1032 2137 sessili
1063 2077 1285 2160 setigeraqnesl

202 2157 341 2221 mascula
361 2156 554 2241 pedicellata
563 2200 575 2237 ,
604 2170 641 2219 ut
664 2158 699 2220 in
717 2095 883 2243 plerisque
905 2155 1202 2244 Andropogonibus
1217 2166 1285 2218 aucto

201 2263 293 2320 rum,
316 2255 477 2306 constans.
519 2243 555 2303 ln
573 2239 647 2304 aliis
666 2241 706 2304 sd
736 2241 827 2304 basin
844 2242 960 2306 ramuli
986 2241 1150 2328 longioris
1168 2243 1237 2307 sides
1247 2235 1285 2298 las*

202 2327 340 2390 ciculum
370 2327 565 2408 spicularum
595 2329 715 2402 4-5,
758 2347 891 2413 quarum
926 2327 1007 2390 aliae
1038 2327 1218 2402 subulam,
1239 2341 1285 2384 nm

119 2445 123 2454 ·
202 2427 273 2474 trae
293 2411 429 2474 uni-rel
453 2411 614 2496 higlumes
636 2409 798 2493 apetalae‚
829 2411 911 2473 aliae
939 2413 1099 2475 masculae
1126 2403 1284 2476 sessilesul

201 2518 261 2558 nus
277 2496 475 2578 completae,
507 2517 569 2558 una
586 2493 778 2578 pedicellatu
801 2497 945 2570 mascula
961 2496 1131 2579 perlecta3
1158 2510 1218 2560 tun
1232 2507 1284 2554 raas

200 2581 296 2642 alteri
320 2581 447 2644 accedit
472 2578 512 2642 ad
538 2579 629 2642 basin
653 2599 712 2662 par
733 2579 929 2663 spicularum
956 2583 1090 2646 masculi
1110 2579 1229 2668 generis
1242 2593 1284 2658 pet

201 2663 400 2743 lectionum,
422 2677 459 2727 ut
479 2665 514 2727 in
533 2663 638 2747 priori
655 2685 751 2749 supra
768 2665 1023 2729 animadversum
1038 2679 1101 2730 est.

268 2767 322 2834 ¹'ln
343 2771 493 2835 omnibus
510 2769 639 2833 rhaehis
670 2786 703 2835 et
725 2771 877 2854 pedieelli
903 2770 1012 2856 longis
1032 2772 1111 2856 pilis
1138 2763 1283 2854 llssescesli⁴

203 2854 264 2918 bns
282 2857 475 2920 vestiuntur.
524 2853 658 2920 Glumae
685 2869 978 2938 purpurascentes,
1007 2857 1136 2940 apicem
1162 2867 1283 2920 venatu

203 2941 337 3023 angulos
369 2939 524 3018 scabrae;
563 2935 715 3022 superior
744 2940 953 3024 salsulaeque
984 2939 1099 3002 omnes
1129 2937 1282 3004 flosculoru

203 3023 377 3104 (majorum
402 3025 530 3103 saltem)
554 3024 700 3107 margine
730 3023 818 3088 villis
841 3023 949 3107 longis
978 3025 1167 3088 tenerrimis
1193 3023 1282 3084 eilistst

202 3107 337 3172 Valrula
364 3106 491 3170 flosculi
526 3109 673 3170 neutrius
702 3107 849 3190 spiculus
888 3109 1050 3193 setigerae
1085 3117 1282 3192 pua-parassent

203 3193 280 3254 Seta
299 3188 425 3253 flosculi
440 3189 558 3256 fertilis
577 3192 698 3274 spicula
722 3213 778 3254 sua
799 3193 889 3266 (slusa
906 3194 1007 3256 lineas
1028 3191 1140 3278 longa)
1157 3183 1282 3278 quadrupli

202 3275 333 3357 longior
354 3275 388 3336 iu
407 3275 515 3340 meslio
535 3273 628 3338 ssexa.
672 3277 813 3340 Stamina
838 3279 871 3339 in
897 3277 1031 3360 spiculis
1058 3277 1205 3342 masculis
1221 3273 1281 3334 mins

202 3359 360 3444 perfectis
382 3379 498 3434 1-a‚
526 3360 560 3422 in
583 3359 835 3506 perfectioribus
852 3361 892 3438 33
915 3363 949 3424 in
966 3354 1281 3446 hermaphroditum

202 3443 321 3508 mincis
339 3462 435 3528 saepe
455 3467 473 3510 a
492 3455 586 3508 anant
611 3463 696 3508 erae.
738 3445 901 3512 Antherae
920 3445 1037 3513 fultae.
1080 3447 1226 3534 Stigmata
1243 3441 1281 3524 psl

201 3549 312 3612 purea.
