2604 4876
168 333 210 398 10
621 321 833 434 &aarum

166 489 283 583 aiteio
296 489 415 581 latere
428 505 480 580 'ad
495 507 603 582 basin
623 491 745 608 usque
764 507 866 593 lissa,
891 505 1009 578 ran'us
1029 477 1210 607 cupas-tc,
1245 531 1295 581 ve

165 655 248 714 tota
270 639 368 726 lere,
402 637 768 726 ammosa-coatia,
800 621 907 736 apice
931 637 1129 711 introrsum
1152 636 1295 735 ligult

165 771 281 870 magis
305 770 472 842 minusve
496 767 673 842 distincta
698 785 824 854 aucta,
848 781 852 788 ’
872 767 1033 866 pilorum
1063 773 1173 866 saepe
1197 763 1295 839 serit

165 875 322 1001 dtipata,
349 899 398 970 ad
421 896 537 971 latera
562 899 674 971 etiam
697 897 900 971 auriculata
924 895 981 970 rel
1004 895 1178 984 barbata,
1219 891 1295 970 cul

144 1009 264 1104 ,mum
288 1007 389 1102 arcte
411 1028 471 1102 vel
495 1027 576 1100 laxe
597 1029 860 1128 amplectente,
908 1028 1071 1102 rariusve
1096 1027 1143 1100 ab
1167 1053 1214 1100 eo
1247 1029 1295 1100 di

162 1177 345 1258 vergente.
415 1158 571 1230 Lamina
594 1159 675 1232 folii
696 1157 738 1230 in
761 1157 929 1258 plurimis
956 1176 1127 1256 angtmta,
1165 1155 1295 1232 filisor

76 1263 79 1274 .
162 1293 251 1379 mis,
288 1275 476 1374 subdlata,
510 1288 679 1377 linearis,
719 1307 876 1364 cuneata
895 1285 1131 1364 -lanceolata
1168 1315 1241 1363 scu
1287 1315 1295 1362 t

161 1422 244 1496 bosi
268 1422 414 1521 apicem
436 1443 563 1495 versus
589 1420 726 1494 sensim
756 1435 943 1492 attenuata
978 1419 1196 1514 (fasciolis),
1241 1449 1295 1492 ru-

161 1554 284 1626 iiuste
308 1575 392 1626 vere
416 1549 641 1637 lanceolata,
678 1547 839 1646 oblonga
861 1549 919 1622 tel
944 1569 1069 1638 ovata,
1108 1550 1295 1650 paralleli<

161 1681 303 1768 ricmis,
330 1680 453 1756 nervis
479 1681 591 1754 rectis
616 1677 674 1751 vel
699 1680 839 1766 curvis,
867 1679 1082 1780 aequalibus
1108 1681 1295 1772 tenuibus,

162 1831 268 1888 costa
291 1811 414 1886 media
437 1809 585 1886 fortiori
609 1809 768 1910 pallida,
807 1794 871 1882 ubi
895 1811 1032 1884 lamina
1055 1837 1167 1912 saepe
1190 1837 1295 1909 com·

160 1941 512 2046 plicato-carinata-
563 1941 747 2038 Marginea
767 1939 943 2013 foliorum
967 1941 1006 2015 in
1030 1943 1209 2042 plurimis,
1239 1943 1295 2016 fa·

161 2075 238 2150 cies
258 2097 389 2171 saepe,
414 2071 578 2147 scabrae.
627 2071 786 2144 Accedit
802 2071 976 2143 hirsuties
996 2073 1096 2146 varia
1112 2074 1151 2146 iu
1165 2073 1295 2160 nodis,

159 2203 301 2304 vaginis
327 2197 523 2301 foliistiue,
553 2203 674 2274 rarius
699 2202 738 2274 in
763 2201 846 2302 ipso
871 2201 1032 2277 culmd.'

165 2351 171 2364 ·
250 2329 532 2444 'lnssorescentia
572 2331 794 2430 graminum,
841 2332 910 2406 rit'e
948 2334 1029 2407 eain
1061 2335 1094 2408 si
1128 2349 1292 2434 spectes,

160 2465 294 2567 spica
319 2481 392 2550 cst,
424 2485 543 2561 eaque
568 2486 756 2560 nunquam
782 2461 953 2560 simplex,
989 2463 1295 2564 sedsscomposita

158 2598 215 2672 iel
241 2591 518 2693 decomposita,
555 2609 637 2678 aut,
680 2591 892 2690 ubicunque
922 2594 1095 2693 partiales
1121 2591 1290 2692 apiculae

142 2724 376 2828 pedunculis
403 2721 632 2823 simplicibus
658 2721 920 2821 compositisve
945 2723 1142 2820 gaudeant,
1182 2745 1289 2793 race-

158 2881 262 2930 mosa
286 2855 345 2926 vel
367 2853 598 2953 particulata,
634 2869 692 2924 cst
717 2852 815 2924 enim
839 2870 950 2952 typus
976 2853 1141 2927 florentis
1162 2849 1291 2950 spicu-

157 2987 215 3060 lae
241 2982 411 3056 foliolum
435 2981 621 3054 bracteulc
647 2980 787 3076 (glutus
811 3007 875 3054 scu
895 2984 1035 3058 vulvula
1054 2983 1200 3057 flosculi
1223 3009 1288 3054 cu·

155 3117 288 3218 jusque
322 3108 509 3205 inferior),
555 3109 593 3181 in
619 3109 728 3182 axilla
760 3095 886 3184 fovens
911 3114 1089 3187 ramulum
1113 3111 1289 3188 brevissi·

157 3273 275 3332 mum,
301 3241 471 3316 foliolum
494 3240 679 3314 bracteale
706 3241 906 3340 superioris
931 3243 1093 3332 ordinis,
1119 3269 1204 3318 etun
1229 3243 1291 3314 axi

158 3375 376 3486 conflatum,
416 3369 529 3470 idque
560 3369 618 3444 vel
650 3397 785 3444 novum
818 3359 1011 3446 ssos'cuhuu
1040 3373 1192 3473 gignens
1227 3371 1289 3446 vel

156 3508 314 3580 liberum
351 3519 462 3602 atquc
499 3495 564 3600 (in
597 3496 789 3602 pluribus)
826 3501 1120 3578 fructificationis
1156 3520 1286 3604 partes

156 3637 323 3712 axillaros
348 3650 475 3729 tegens
485 3679 497 3718 ,
532 3633 807 3704 sustentantem.
858 3635 908 3706 At
932 3659 1038 3720 vero,
1079 3661 1163 3708 cum
1186 3633 1286 3706 hane

154 3765 366 3844 ulteriorem
399 3761 677 3838 Graminearum
716 3763 1026 3836 inflorescentiam
1065 3763 1287 3864 spiculac

157 3897 214 3974 vel
238 3896 455 3971 locustae
487 3893 637 3966 nomine
666 3893 741 3992 jam
771 3893 873 3966 lloris
906 3892 990 3966 loco
1021 3919 1160 3993 ponere
1193 3921 1284 3965 con·

157 4023 399 4114 suevorimus,
427 4001 653 4124 spiculaium
669 4023 708 4096 in
727 4049 956 4098 communem
975 4021 1284 4124 infloresccntiam

156 4156 439 4258 dispositionem
471 4154 585 4228 solito
611 4139 724 4230 mors.
747 4150 950 4256 dijudicare
981 4155 1038 4226 las
1069 4171 1145 4239 cst,
1185 4153 1284 4224 strido

157 4285 289 4390 triplex
307 4287 345 4358 in
361 4285 572 4362 uuiversum
596 4281 993 4370 inflorescentiae
1018 4283 1281 4384 gratilianae

156 4417 348 4496 diversitas
373 4417 508 4504 oritur,
544 4414 705 4490 scilicet:
