2652 4852
14 317 212 381 Grumum.
267 311 489 380 Omrsrro
513 316 701 380 oronites
722 335 763 378 nr
786 312 1008 380 memorial.
1054 310 1142 380 bibi

14 509 164 567 serretur,
197 497 336 568 zeum,
368 491 478 577 priseo
506 494 570 556 eti
615 507 669 558 oto
685 495 824 579 ‚quodam
847 495 1005 577 scriptore
1025 501 1121 572 toste,

17 582 61 663 qni
80 579 318 642 observationes
339 595 398 658 per
420 577 560 660 septem'
593 579 674 641 euim
695 600 793 640 annos
815 580 849 643 in
869 577 1004 644 Brasilis
1025 575 1123 636 lanus

15 685 85 725 anno
110 664 187 740 rota
216 666 257 725 D.
281 667 487 725 eanrsrov‘so
509 683 554 724 on
575 667 684 725 nouas
740 683 776 725 er
800 663 924 724 litteras·
952 651 1122 724 communi-

16 749 103 820 cavit,
132 745 217 829 apud
243 744 391 806 Iudinnos
416 742 607 819 'Ulia-tim,
646 685 737 827 spnrl
761 747 929 808 busitanos
964 739 1121 805 zatum

13 831 116 892 dietam
148 849 237 902 esse,
272 825 383 890 Millro
412 843 538 904 sutem,
567 844 602 892 ut
632 851 715 892 nune
747 843 897 904 sonatur,
934 829 968 890 in
999 825 1124 892 Gulnets

14 933 117 976 nomen
137 914 206 996 ejus
230 926 392 994 receptum
413 913 525 975 fuisse.
690 955 695 962 -
800 973 806 986 s
1106 928 1108 937 ·

87 997 209 1080 Maydis
240 997 345 1078 planta
376 996 487 1068 incili,
523 996 682 1079 glebuso,.
717 1008 788 1057 stro
826 995 1020 1078 humidoque
1052 991 1122 1052 solo

16 1081 136 1162 gaudet,
166 1093 198 1141 nt
218 1100 295 1140 roro
325 1080 360 1140 in
388 1081 533 1141 omnihus
565 1079 635 1142 aliis
664 1099 791 1162 quoqne
811 1093 918 1146 ,terrae
939 1073 1122 1162 generibus,

15 1179 89 1226 terra
110 1165 276 1247 argilloso,
306 1162 687 1246 ferruginosa-rubente,
716 1165 810 1224 immo
840 1165 934 1225 etiam
962 1163 996 1222 in
1029 1177 1125 1221 arena
1176 1173 1181 1196 ⁸

14 1249 169 1330 provenit,
193 1246 289 1310 modo
309 1266 349 1307 oe
370 1249 527 1330 rigatione
547 1261 653 1310 cureat
671 1267 732 1310 neo
754 1249 796 1310 sit
813 1247 957 1330 exposita
978 1243 1041 1306 illis
1063 1241 1123 1304 fri-

16 1333 153 1413 goribus,
236 1351 254 1392 a
274 1331 367 1412 hujus
385 1332 513 1476 plantae
534 1332 652 1394 cultum
673 1335 706 1392 in
727 1332 831 1392 multis
847 1334 995 1412 Europae
1016 1325 1124 1408 regio-

14 1416 97 1478 nibus
129 1415 162 1476 di
203 1415 297 1478 oilem
325 1415 472 1477 redunt.
524 1417 536 1476 l
591 1429 631 1476 ne
652 1427 684 1476 et
705 1415 854 1476 interris
876 1411 1124 1476 extraoireulos
1201 1467 1209 1474 i

15 1501 148 1582 tropicos
173 1499 261 1571 sitis,
296 1498 332 1560 in
365 1499 542 1582 provintiis
610 1498 635 1560 'o
666 1496 797 1560 Grande
824 1499 867 1560 clo
889 1495 949 1559 Sul
969 1511 1002 1558 et
1022 1506 1123 1576 usque

15 1581 153 1646 illuuiem
181 1581 312 1643 theum
340 1595 373 1644 et
399 1584 433 1644 in
462 1581 686 1646 fertilissimis
708 1583 766 1644 sub
787 1583 968 1666 Aequstore
990 1577 1121 1684 provin·

16 1668 65 1728 ciis
87 1668 220 1730 colitur..
255 1667 376 1730 Verum
396 1668 529 1728 maximo
550 1685 648 1750 opera
668 1667 737 1748 ejus
758 1667 899 1728 culturae
923 1667 957 1726 in
977 1663 1010 1725 δ.
1028 1653 1138 1724 Pauo*

18 1765 45 1811 et
64 1748 180 1812 Minos
201 1746 323 1810 Cernes
340 1750 516 1834 provinciis
538 1749 680 1832 impendi
701 1749 842 1824 ridetur,
863 1749 992 1823 minima
1013 1768 1031 1808 e
1053 1762 1128 1808 eon·

16 1836 124 1908 traria,
156 1854 218 1916 pro
246 1834 420 1896 incolarum
442 1834 641 1916 frequentia,
672 1833 705 1895 in
734 1833 909 1915 provinciis
931 1830 1125 1915 aquilonari-

15 1915 66 1978 bus
86 1915 190 1980 Seurri
210 1931 242 1978 et
263 1913 505 1990 Pernumbueo‚
537 1935 617 2001 quoe
648 1917 687 1978 nb
714 1917 811 1979 rebus
838 1937 878 1978 ex
906 1916 976 1978 aliis
995 1911 1126 1997 imperii

18 2003 151 2081 partibus
173 2002 349 2083 importatis
370 2001 542 2086 plurimum
563 1999 715 2084 pendent.
1106 2009 1110 2016 '

90 2085 187 2170 Agris
214 2085 370 2166 sylvarum
401 2083 750 2167 primitivarum'eoede
773 2099 805 2148 et
826 2085 1054 2166 exstirpatione
1076 2103 1129 2164 pa·

20 2170 83 2230 rotis
111 2168 286 2252 praecipue
320 2183 355 2231 ut
381 2171 479 2232 utaris
508 2169 644 2252 primum
683 2187 755 2231 esse
789 2169 999 2251 agriculturae
1027 2166 1130 2228 brosl-

21 2251 117 2314 liensis
145 2265 372 2336 praeceptum,
404 2265 537 2316 constat.
564 2256 686 2336 'ltaque
716 2254 750 2313 in
777 2254 830 2314 illa
851 2251 1006 2312 Brasilise
1025 2261 1129 2332 parte,

18 2355 86 2478 ppae
107 2337 211 2419 sylvas
233 2335 398 2480 paludes,
429 2339 487 2398 hae
515 2337 591 2398 item
622 2335 661 2396 ad
683 2333 799 2396 Zeam'
819 2339 878 2396 Ma
886 2334 999 2416 ydem
1018 2333 1129 2412 'rolen-

51 2443 78 2480 m
99 2423 195 2503 vulgo
216 2442 232 2481 a
256 2421 362 2483 hiberi
383 2423 505 2494 solent,
540 2433 574 2481 et
591 2419 666 2482 huie
687 2419 816 2503 quidem
838 2418 962 2500 plantae
983 2433 1144 2500 praesen·

20 2503 65 2562 tin
90 2505 162 2568 loeo
195 2505 289 2566 bomo
315 2503 548 2588 pingui-nigra
578 2502 816 2576 conceduntur,
855 2501 958 2562 minus
989 2513 1060 2583 apta
1091 2500 1131 2562 a'd
1163 2569 1174 2590 ἱ
1230 2559 1235 2568 ,
1318 2511 1319 2550 l

21 2588 238 2666 procreandam
248 2591 452 2652 Mandioooae
472 2586 611 2650 radioem
632 2587 836 2663 (Manibot
856 2585 1130 2648 utilissimam

20 2683 46 2730 et
66 2673 177 2755 sipi,
207 2673 316 2752 Pobl.)
346 2685 516 2754 propterea
537 2671 623 2754 quod
644 2671 769 2752 saepius
790 2670 842 2743 tit,
872 2684 908 2731 ut
940 2669 1062 2731 radices
1095 2669 1130 2728 in

20 2755 53 2814 iis
72 2747 266 2838 putr'elsoant.
309 2757 370 2818 Ubi
393 2769 494 2818 autem
517 2757 622 2836 sylvae
644 2754 776 2828 desunt,
816 2767 851 2815 ut
879 2755 912 2814 in
943 2753 1131 2836 regionibus

20 2840 275 2902 meridionalibns
295 2841 450 2902 tricesimi
468 2839 586 2922 gradus
607 2838 801 2910 latitudinis,
840 2857 876 2898 ea
908 2838 977 2899 loea
1007 2837 1131 2918 eligun-

20 2935 80 2996 tur,
114 2943 199 3008 quae
221 2924 283 2986 situ
312 2944 369 2986 suo
392 2943 501 2986 versus
524 2921 660 3005 frigidos
673 2935 792 2984 *ventos
814 2920 1133 2983 meridionali-oeci·

21 3007 155 3070 dentales
182 3004 383 3084 (allinuonor
409 3029 468 3093 seu
492 3003 668 3090 Pomperos
689 3013 855 3082 ¹vocatos),
891 3005 990 3070 veluti
1023 3022 1134 3066 sersus

21 3091 197 3171 graviorem
220 3092 296 3154 solis
319 3091 464 3152 ardorem
486 3103 569 3154 teuta
591 3103 680 3162 sont,
713 3100 818 3234 εειῐῇω
842 3085 928 3150 sacili
957 3099 990 3149 et
1010 3087 1137 3150 humide

20 3185 98 3236 terta
120 3174 351 3239 commendant.
396 3175 443 3235 Ne
476 3175 594 3242 semina
626 3193 697 3236 cum
724 3173 755 3234 dt
783 3172 914 3234 ienitate
935 3173 1134 3254 proveniant,

18 3269 126 3320 terram
155 3259 241 3321 faoili
273 3259 401 3342 quidem
429 3258 561 3320 humore
594 3257 758 3338 pet-lusum
795 3277 866 3317 osse
902 3275 1036 3318 necesse
1072 3264 1132 3329 est,

23 3343 138 3422 quade
161 3363 255 3405 eausa
286 3343 319 3402 in
349 3356 412 3404 tota
442 3341 577 3404 Brasilia
603 3345 691 3424 Mays
719 3341 992 3423 appropinquante
1014 3341 1063 3402 vel
1086 3340 1135 3399 in-

23 3426 158 3506 cipiente
187 3439 331 3508 tempore
359 3426 468 3508 plutio
498 3425 647 3487 seminari
676 3426 765 3486 solet.
810 3425 904 3514 Quod
933 3445 1026 3506 quum
1056 3429 1136 3484 tent-

21 3529 71 3589 pus
93 3511 268 3588 seeundum
300 3508 477 3572 distantiam
499 3509 537 3570 ab
560 3511 742 3592 Aequatore
770 3509 908 3589 aliasque
936 3506 1138 3569 conditiones

21 3591 50 3651 in
77 3593 217 3656 diversis
236 3593 317 3654 loeis
344 3594 506 3659 ¹‹lirorsum
529 3593 588 3666 sit,
615 3591 755 3674 agricola
777 3593 808 3652 in
831 3591 888 3652 bac
911 3610 948 3650 re
969 3601 1136 3652 consuetu-

13 3675 88 3736 ilino
110 3693 206 3759 atque
228 3677 407 3759 praeceptis
430 3676 633 3756 amajoribus
647 3675 770 3738 traditis
788 3673 982 3756 obsequitur.
1013 3676 1132 3756 ltaque,

23 3761 156 3842 exempli
189 3761 305 3842 gratia,
338 3761 370 3820 in
399 3757 462 3820 [tto
491 3760 531 3820 de
560 3757 691 3821 Joneiro
718 3755 815 3834 ets.
839 3754 944 3818 Paulo
965 3761 1051 3838 Mays
1072 3774 1138 3818 ma-

22 3843 98 3905 xima
121 3865 162 3905 ex
184 3859 274 3925 porte
297 3843 494 3927 Septembri,
527 3844 560 3904 in
591 3843 719 3904 deserto
741 3839 913 3902 Minorem
935 3837 1138 3919 generalium

21 3925 174 3998 Octobri,
205 3928 237 3987 in
271 3923 466 3988 Moranbcio
494 3941 525 3988 et
549 3923 636 3987 Porci
657 3927 805 3990 Jannario
827 3945 935 3986 mense
957 3926 1139 3988 seminatur.
1167 3959 1172 3980 1

18 4011 185 4073 Caeterum
199 4011 252 4072 hie
267 4011 339 4072 fere
354 4013 482 4072 omniaa
498 4011 624 4072 diversa
641 4025 748 4071 natura
758 4010 842 4070 illius
859 4010 984 4091 plantae
1000 4007 1137 4092 pendef3

18 4114 85 4156 nam
101 4097 202 4156 altera
219 4096 301 4158 Zese
317 4097 464 4165 varietas,
487 4115 567 4177 quae
579 4091 875 4177 praenliisoolitur,
896 4093 967 4174 plus
985 4095 1140 4178 temporis

20 4177 56 4254 acl
73 4179 347 4241 maturescentlum
359 4179 457 4262 exigit
473 4180 521 4254 (in
530 4178 714 4260 regionibus
728 4177 985 4239 meridionalibos
1000 4181 1140 4262 quinque

21 4277 69 4322 ant
88 4282 166 4336 sex,
190 4264 222 4322 in
240 4262 542 4346 septentrionalibus
552 4275 686 4345 quatuor
700 4263 750 4323 vel
762 4261 900 4344 quinque
914 4267 1074 4343 menses);
1096 4263 1141 4325 sl.

21 4357 107 4420 tera,
133 4365 216 4428 quoe
232 4348 266 4410 in
281 4347 416 4410 Brasilia
435 4345 552 4409 Cadete
573 4358 702 4412 vocatur
712 4389 723 4426 ,
755 4345 899 4408 breviori
920 4359 1065 4428 tempore
1075 4367 1141 4408 ms·
