2652 4852
181 331 395 394 Gnaarsussn.
437 327 661 393 Onssnvsuso'
679 315 925 392 nsoemrunss.
1051 325 1130 402 bes,

12 513 135 575 uolumen
152 511 327 574 secundum
344 507 533 582 comitatur,
555 505 706 582 indicari,
726 507 1004 590 physiognomlam
1021 527 1115 582 suon-

12 598 89 668 inm,
124 595 180 680 qui
205 595 293 657 inter
328 591 610 675 Sebastisnepolin
642 606 676 654 et
700 591 733 653 S.
758 592 851 676 Pauli
873 591 1036 657 civitatem
1056 593 1113 658 do-

12 674 453 826 pmnumdvegetationisque
487 676 589 740 verim
620 675 726 751 vices,
759 674 883 738 ibidem
916 675 1115 754 obtinentes,

22 783 36 824 r
57 787 86 825 ιιι
110 783 147 823 eu
171 785 215 826 o.-

39 785 176 910 pSimili
198 846 346 919 untione,
382 863 419 906 sc
440 843 482 906 de
505 841 696 905 Bembuseis
719 842 794 906 bein
818 837 1026 908 monstretuin
1048 859 1110 921 est,

11 932 163 1014 etreliqua
181 931 323 1014 gramina
346 943 435 992 centn
449 929 523 1012 lege
538 927 601 1008 iarn
615 927 710 990 altius
730 926 946 1000 adscendere,
968 929 1032 1010 janu
1051 929 1112 992 uni·

11 1036 50 1078 rus
69 1017 144 1089 alte,
174 1015 239 1100 jaun
265 1015 297 1076 in
324 1013 399 1075 imis
430 1011 621 1074 convallium
647 1011 729 1075 locis
753 1010 898 1074 habitere
922 1033 1116 1094 percussum

11 1099 149 1161 rubemus.
202 1102 329 1162 Desunt
353 1117 432 1158 vero
462 1096 503 1158 de
526 1096 586 1158 bae
611 1114 649 1157 re
672 1094 916 1159 observationes
938 1115 1014 1160 curu
1035 1118 1115 1162 curs
1189 1141 1194 1154 ι

11 1183 170 1258 culturae,
203 1203 286 1268 quse
311 1203 329 1248 s
351 1180 633 1264 peregrinantibus
659 1177 874 1254 difficillime,
913 1201 1021 1266 neque
1045 1182 1112 1246 rite

11 1268 56 1328 risi
76 1267 112 1330 ab
133 1267 293 1348 ejusmodi
324 1278 456 1326 nuturse
485 1264 623 1327 curiosis
651 1263 776 1326 institui
807 1277 960 1345 possunt,
994 1265 1112 1350 quibus

11 1351 109 1412 slantue
121 1351 198 1413 illae
210 1349 373 1435 sintquesi
382 1348 588 1411 domesticae.
605 1350 679 1420 Hoc
689 1349 838 1410 tamenin
848 1349 1034 1412 universum
1044 1348 1114 1412 dici

11 1433 143 1514 soluerit,
175 1435 323 1517 Stipeas,
345 1436 518 1516 Agrostcns
539 1447 572 1495 et
592 1430 743 1515 quasdem
765 1435 940 1514 Festucens
960 1435 1055 1496 altius
1076 1434 1111 1496 in

11 1533 118 1604 nentes!
136 1519 363 1588 adscenderes
386 1536 479 1602 quam
508 1515 651 1600 reliquus
681 1515 846 1598 plurimas.
888 1519 947 1592 Et,
977 1519 1006 1579 si
1038 1514 1136 1603 qui·'

10 1601 62 1663 len
79 1604 111 1663 in
132 1602 337 1686 generaliore
363 1601 502 1662 animum
531 1601 816 1671 intendamus,'id
844 1601 940 1665 nobis
969 1615 1111 1664 statuen-

10 1685 63 1746 lun
80 1685 224 1761 ridetur,
256 1685 482 1768 amplissimum
501 1682 702 1747 diversorum
721 1686 898 1770 grmninuns
922 1687 1046 1770 copiam
1068 1703 1120 1748 ee.
1314 1749 1316 1774 ἰ

10 1771 211 1832 rumilioribus
225 1791 321 1852 supra
336 1769 503 1836 Oceanum
521 1768 583 1832 soli
601 1768 836 1832 elevationibus
850 1771 1014 1854 proprium
1024 1791 1110 1848 esse,
1201 1819 1207 1834 .
1314 1801 1316 1810 ¹

10 1876 56 1936 qun
83 1855 181 1938 magis
210 1854 396 1935 aTropico
427 1851 617 1934 Capricorni
653 1873 763 1915 versus
792 1857 1007 1939 Aequarorem
1033 1875 1113 1938 pro·

10 1939 89 2000 cedas.
131 1939 258 2003 Pendet
286 1939 386 2022 boqe
410 1937 565 2020 singulari
587 1937 649 1998 soli
683 1937 863 2001 elevatione
901 1940 1002 2003 totius
1032 1943 1110 2002 Bru·

10 2023 96 2098 sillae,
125 2023 214 2108 quod
234 2023 294 2084 sub
321 2023 466 2102 'Propino
495 2041 577 2084 aooo
600 2033 633 2082 et
662 2021 748 2104 quorl
771 2021 899 2085 eicedit
920 2023 1036 2106 pedum
1059 2044 1112 2085 su·

10 2127 49 2186 pra
77 2129 159 2170 mere
192 2107 309 2180 ultum,
344 2105 421 2167 inde
449 2101 566 2168 versus
590 2110 759 2174 Austrum.
791 2108 1149 2189 Septentrionem-cs<

10 2189 197 2254 Occidentem
226 2191 418 2263 inclinetur,
458 2189 503 2251 ite
533 2204 567 2250 ut
602 2190 631 2250 si
665 2187 766 2272 lingas
797 2191 911 2254 lineum
944 2193 1112 2276 quandam,

10 2273 31 2332 in
49 2297 118 2358 que,
140 2277 217 2338 loco
239 2276 414 2356 sylvarum,
435 2273 578 2358 gremius
600 2275 791 2354 proveniant
812 2295 848 2336 ne
871 2281 902 2334 in
926 2289 1015 2357 prntn
1037 2297 1114 2338 con·

9 2369 143 2435 texantur,
155 2361 237 2423 haec
249 2379 350 2440 prope
360 2358 536 2438 'l'ropicum
552 2373 642 2425 uooo.
665 2361 747 2420 2500
763 2359 955 2420 irnmo3ooo
968 2359 1113 2440 pedulla

9 2457 82 2523 snpra
103 2446 270 2509 Oceanum
292 2441 481 2526 apparebit,
521 2439 662 2524 indeque
686 2461 796 2503 vorsus
820 2449 1034 2526 :leqnutore'm
1056 2446 1112 2508 do·

9 2527 137 2605 scendet,
160 2541 206 2590 'ut
235 2527 281 2590 ibi
312 2527 438 2588 tandem
469 2526 573 2608 ipsius
595 2525 690 2586 meris
712 2525 807 2607 plano
829 2527 1000 2589 incumbet.
1042 2533 1112 2594 Hso
1194 2555 1198 2566 ·

9 2611 108 2674 ratione
121 2611 229 2694 enmpi
245 2611 386 2672 omnium
405 2609 561 2670 altissimi¹
574 2609 657 2669 intre
679 2611 855 2692 'l'ropieum
877 2625 920 2674 et·
936 2627 1019 2689 reum
1042 2635 1116 2698 gra·¹
1155 2643 1161 2648 ·

9 2691 62 2755 ium
89 2697 139 2760 lat.
162 2693 312 2758 australis
335 2693 460 2756 obuiam
483 2695 633 2768 seniun13
660 2692 723 2773 jum
747 2695 846 2777 magis
869 2697 969 2778 magis
996 2715 1034 2754 ue
1056 2700 1113 2762 dn..

9 2777 85 2840 rlires
112 2797 143 2844 et
172 2773 363 2842 humiliores
385 2778 417 2838 in
440 2777 652 2839 interioribus
674 2779 910 2860 provinciarum
933 2715 1112 2858 Bibiensis,

9 2861 283 2932 Pernambucenee,
306 2863 477 2925 eearensis
499 2875 533 2922 et
554 2863 832 2945 Maragnanensis,
860 2863 1057 2948 usquedum
1081 2869 1114 2930 in

9 2943 118 3028 tingues
140 2950 216 3010 illos
244 2967 374 3028 campos
396 2944 566 3007 inundatos
585 2942 672 3026 justu
695 2943 823 3006 llurium
847 2952 1040 3010 Amazonum
1060 2973 1112 3015 ex·

9 3045 133 3106 currunt,
159 3032 237 3118 qui,
267 3031 351 3093 haud
372 3031 487 3112 procul
515 3049 532 3090 s
560 3029 641 3093 mari
670 3030 769 3114 idque
802 3031 971 3094 altitudine
1000 3057 1112 3118 pertun

9 3131 194 3192 operantes,
228 3136 342 3178 versus
365 3111 521 3192 Gujennm
542 3112 687 3196 gallicam
710 3115 946 3191 extenduntur,
978 3121 1011 3184 in
1044 3137 1109 3182 tnn-
1160 3147 1162 3154 ·

9 3199 55 3256 :sni
73 3198 315 3283 empliludinem
337 3197 466 3271 diffusi,
496 3211 531 3258 ut
553 3199 814 3280 peregrinatur-es
848 3220 905 3261 scu
937 3209 1114 3290 magnetica

9 3299 67 3358 >pus
93 3284 233 3347 babeant
254 3285 485 3366 'astrorumque
515 3283 761 3352 obseruatione,
791 3287 988 3352 conminus
1018 3291 1111 3354 setin

9 3361 115 3430 Oceano
151 3371 286 3441 uentae,
329 3388 371 3428 ne
402 3367 618 3428 directionem
647 3367 775 3430 itineris
810 3371 953 3452 perdant.
1007 3377 1110 3467 Quum

9 3448 34 3508 sb
51 3469 112 3513 rem
133 3451 253 3514 lineum
266 3452 364 3520 bane.
388 3469 481 3535 quam
500 3451 748 3532 descripsimus.
770 3455 842 3532 jure
863 3452 1003 3518 Lineum
1023 3461 1111 3518 ceni·

9 3549 97 3595 rorum
128 3537 283 3599 dicemus.
340 3535 431 3628 Quae
460 3535 589 3619 quidum
619 3536 702 3596 linea
735 3538 768 3598 irl
803 3541 970 3622 proprium
998 3542 1106 3617 hebet,

9 3619 73 3696 quod
100 3620 133 3682 in
165 3620 356 3702 regionibus
391 3619 634 3682 nustrulioribrs
667 3621 771 3700 sylvae
802 3623 867 3683 sint
887 3625 977 3684 insrn
1011 3626 1107 3699 illuns,

9 3719 79 3778 upra
120 3709 201 3766 v'ero
250 3704 338 3764 illam
380 3701 413 3764 in
449 3701 645 3765 borealibus.
702 3707 826 3786 Nrrnpe
862 3707 893 3766 in
930 3710 1109 3788 provinciis

9 3783 26 3839 i.
47 3787 149 3862 Pauli,
182 3788 360 3860 Minorem,
395 3805 540 3848 necnon
563 3786 595 3846 in
621 3802 709 3866 parte
734 3789 918 3867 prr-usinoise
942 3793 1109 3858 Bnbiensis

9 3886 50 3926 ton
78 3871 171 3948 nlibi,
203 3893 295 3955 quum
322 3869 549 3931 humilioribus
577 3870 659 3931 locis
686 3887 781 3954 utque
810 3873 847 3933 ed
879 3875 964 3955 tipus
993 3875 1107 3941 llurio·

9 3969 73 4015 'utu⁸
95 3977 155 4038 per
176 3975 306 4036 cenrpos·
328 3955 590 4028 decurrentium,
614 3954 717 4033 sylvae
741 3955 841 4017 locutu
859 3958 998 4034 hubent,
1022 3965 1109 4046 quud

9 4038 109 4100 nonnisi
138 4037 191 4099 his
221 4039 299 4099 locis
329 4039 501 4111 humores,
530 4037 660 4120 'quibua
693 4041 893 4110 nutriuntur,
927 4045 1109 4123 inveniann

9 4134 95 4181 bontra
123 4123 157 4182 iu
190 4121 374 4184 borealibus
404 4121 591 4204 regionibus
615 4132 760 4188 montes.
791 4124 902 4210 illique
934 4127 1003 4189 lere
1036 4132 1109 4204 suli,

11 4201 84 4276 ylras
105 4205 288 4286 recipiunt,
312 4209 444 4268 nubium
464 4203 716 4290 nebularumque
735 4205 922 4271 humoribus
948 4207 1109 4293 rigandus,

9 4283 60 4344 lum
90 4289 258 4368 planities,
290 4291 464 4372 quotannis
497 4289 613 4350 eunino
643 4289 749 4350 sidere
782 4307 928 4370 exustae,
962 4295 1111 4358 arbores·
1145 4291 1147 4306 '

9 4371 122 4434 entium
145 4374 323 4458 plantutum
345 4394 477 4439 amoene
499 4372 615 4437 froude
637 4387 774 4436 nereent.
835 4431 838 4438 ,
