2652 4852
158 311 371 376 omassum.
417 308 633 412 Ossrarsrpo
654 329 896 390 oconnsrnrcs.
1049 311 1124 396 {slis

12 491 37 552 in
53 490 234 576 provinciae
254 491 413 556 Minaeum
434 488 600 555 districtus
624 488 783 574 Comus-cn
812 489 854 552 do
887 489 977 554 Oura
1011 504 1105 575 prata

10 589 35 638 st
64 573 112 642 do,
130 571 225 636 Serre
246 571 330 636 urio
361 575 595 658 maj-oreparte
617 575 787 654 schabest
813 589 925 652 contra
954 577 988 656 ip
1016 593 1108 660 parte

10 657 358 740 actuali-occidentali,
398 659 438 720 etl
474 665 728 742 Mcgspotsmum
764 674 918 744 sergente
950 675 1043 746 atquc
1075 663 1111 732 iu

10 762 116 824 campos
141 763 278 824 pascuos
300 745 332 804 S.
355 743 448 806 Pauli
476 745 629 814 abeunte,
668 744 729 806 etsi
756 744 832 807 siloc
855 760 888 807 ct
907 745 1004 818 immo
1027 765 1109 811 aooo
1175 797 1183 810 .

10 847 85 907 sopra
112 847 199 889 more
233 827 331 908 pedes
352 825 493 900 elevata,
525 827 696 898 latioribus
718 828 804 909 jugis
823 828 1001 890 collibusre
1015 831 1110 912 inae·

10 909 94 994 quali,
130 931 282 974 numerus
317 911 514 994 graminum,
558 912 683 973 ratione
707 912 907 995 reliquarum
938 913 1112 978 herbarum

10 1006 145 1075 augetur,
176 1005 209 1056 et
236 995 305 1077 agri
336 996 479 1076 caespite
513 994 678 1076 gramineo
714 1008 882 1077 teguntur,
921 994 970 1056 illi
1000 998 1110 1074 simili,

10 1099 59 1160 quo
86 1079 240 1142 nostratia
273 1091 362 1160 prata
391 1078 480 1140 aritia
504 1078 662 1162 gaudent,
696 1079 760 1140 nisi
789 1077 875 1162 qood
897 1079 977 1143 haec
998 1101 1112 1162 super·

10 1159 82 1221 blant
98 1161 293 1242 graminibus
308 1161 532 1234 erectionibus,
556 1161 634 1224 duos
657 1177 761 1226 tresve
778 1163 880 1244 pedes
902 1161 974 1224 altis
993 1165 1114 1228 minus-
1154 1195 1156 1203 .
1253 1193 1259 1218 t

10 1265 59 1328 que
79 1245 208 1328 glabris.
259 1249 348 1308 Haec
375 1246 478 1306 omnis
509 1247 740 1310 Graminum
777 1245 989 1310 Oreadum
1018 1249 1132 1332 regio

10 1327 109 1410 'tropici
138 1328 224 1390 coeli
258 1323 536 1391 vicissitudinibus
566 1344 742 1392 recreatur.
792 1331 879 1394 Vere
907 1351 1044 1413 nempe,
1077 1327 1112 1394 'id

10 1427 48 1472 est
66 1411 227 1474 mensibus
243 1412 402 1487 Octobri,
425 1412 615 1485 Novembri,
639 1411 833 1487 Decembri,
857 1415 1019 1497 plusculas
1040 1413 1113 1497 plu-

10 1495 64 1556 siae
91 1489 128 1557 ic
156 1495 374 1579 copiosissimi
396 1495 489 1558 rores
511 1497 747 1580 vegetationem
767 1498 882 1560 laetam
905 1499 1110 1584 celeremque

10 1573 435 1678 promovent,·auge‘turpne
464 1579 547 1641 mire
577 1581 830 1655 incrementum,
862 1604 957 1667 quum
981 1578 1111 1657 imbres,

10 1683 216 1742 parmensem
236 1665 442 1726 Februarium
456 1663 526 1741 fere
542 1665 706 1740 continui,
728 1665 903 1728 succedunt
948 1669 1023 1730 lam
1043 1670 1113 1748 Dc·

10 1746 115 1808 cambri
139 1767 251 1809 mense
273 1747 411 1810 arthesia
432 1745 547 1809 horum
568 1749 744 1832 graminum
769 1749 912 1830 incipit,
933 1750 1112 1813 Februario

10 1833 176 1916 Martioque
198 1831 324 1894 culmen
345 1832 492 1914 attingit3
526 1851 635 1892 mense
655 1833 770 1906 Junio,
800 1853 864 1916 qno
887 1833 1005 1900 siccior
1027 1835 1112 1896 aeris

10 1913 138 1978 conditio
162 1915 330 1988 increscit,
353 1915 490 1996 primum
512 1911 704 1977 flaccescere
726 1915 906 1996 incipiunt,
926 1918 1014 1978 Julio
1033 1921 1111 1998 vero

10 2010 34 2058 st
61 2001 204 2084 Augusto
236 2012 300 2060 tota
332 2021 368 2060 re
393 1998 659 2069 ioatramioeum
694 2001 836 2061 colorem
869 2001 995 2076 induit,
1023 1999 1115 2073 foliis
1203 2003 1207 2014 '

10 2080 172 2168 culmisque
191 2019 439 2164 pallescentiitus
462 2095 496 2143 et
515 2104 616 2166 usque
638 2083 678 2144 ad
698 2083 823 2145 radices
842 2080 1115 2146 excrescentibus.

10 2165 62 2225 lam
82 2161 169 2228 nunc
194 2187 253 2250 per
274 2187 416 2248 magnam
438 2165 586 2248 jugorum
609 2179 640 2226 et
661 2167 865 2247 planitierum
881 2167 1006 2266 plagam
1026 2189 1116 2230 men-

10 2247 81 2311 sibus
100 2251 247 2334 Augusto
277 2267 309 2312 et
330 2249 514 2332 Septembri
536 2247 714 2315 artilicialis
736 2251 824 2312 ustio
842 2251 980 2332 ingruit,
1005 2251 1051 2334 ab*
1067 2251 1116 2312 in-

10 2332 74 2392 colis
103 2355 181 2397 eam
209 2335 242 2394 in
270 2333 366 2410 linem
397 2333 561 2406 instituta,
602 2347 636 2394 ut
664 2331 917 2416 conflagratione
944 2333 1117 2396 carbonem

10 2429 119 2496 parcnt,
144 2418 387 2480 stercorationis
415 2417 488 2479 loco
519 2415 574 2500 qui
601 2437 672 2478 arra
693 2417 854 2484 melioret.
904 2417 969 2510 Qui
991 2438 1032 2478 ex
1061 2417 1118 2480 ad·
1148 2440 1187 2454 “·

10 2500 75 2561 ustis
91 2499 257 2563 radicibus
276 2521 311 2562 ac
331 2499 511 2563 turionibus
533 2500 638 2582 primo
658 2501 875 2580 regerminant
902 2502 999 2562 culmi
1019 2497 1118 2584 saepti

10 2577 264 2647 strenuitatem
288 2583 528 2646 inllcrcscentia
562 2583 726 2666 aspeciei
755 2598 831 2666 typo
856 2585 1003 2648 nonnihil
1028 2605 1118 2647 rece-

10 2667 73 2730 lere
101 2669 263 2731 ridentur.
314 2669 479 2730 Rauennae
512 2681 588 2728 tunc
618 2680 809 2748 tempestate
846 2668 951 2748 pluvia
977 2664 1119 2750 omnium
1154 2732 1159 2747 ,

10 2752 227 2833 regetabiliuru
252 2753 354 2834 prima
383 2764 474 2825 sunt,
505 2756 595 2834 quae*
619 2752 651 2813 in
677 2771 757 2813 nora
783 2751 980 2812 incrementa
1004 2763 1118 2828 ruant3

10 2854 95 2920 teque
119 2851 230 2898 tamon
250 2849 312 2896 tam
333 2835 399 2897 cito
424 2833 487 2896 hoc
507 2835 559 2906 iit,
591 2855 628 2896 ac
657 2834 688 2894 in
707 2835 1120 2920 'Graminearnijn

10 2939 194 2983 »aearum
216 2921 319 2992 arvis,
341 2919 462 3004 quippe
482 2938 586 3000 quae,
609 2918 699 3001 quasi
726 2919 849 3000 magico
873 2916 1010 2982 artificio
1036 2919 1122 3000 reri-

10 3005 181 3077 ¹essentia,
215 3003 409 3066 brevissimo
432 3001 587 3083 temporis
614 3003 718 3082 spatio
744 3002 930 3063 nostratium
958 3016 1122 3083 pratorum

10 3087 132 3150 lactens
165 3087 373 3170 splendorem
412 3085 558 3146 induunt.
619 3085 826 3172 Singulorum
862 3086 1123 3169 repullulantintn

10 3193 146 3233 tumerus
183 3192 222 3234 cc
253 3169 370 3252 major,
411 3191 474 3252 quo
512 3168 786 3250 puriotfficumpns
817 3167 956 3250 (Campo
997 3169 1123 3253 Empe),

12 3253 124 3330 dest,
158 3251 225 3342 qu'o
258 3255 356 3338 magis
390 3254 567 3314 arbusculis
597 3247 1050 3336 lecticulisqueffoboleiro)
1073 3274 1125 3316 ca·
1191 3259 1193 3270 '

10 3353 64 3414 tet,
87 3361 176 3426 quae
192 3337 282 3400 valde
294 3337 490 3421 impediunt,
514 3357 578 3421 quc
595 3335 698 3398 minus
718 3337 879 3419 caespites
896 3337 1040 3400 continui
1057 3337 1125 3400 ior-

10 3439 128 3486 nentur.
189 3423 353 3516 Quaedam
386 3415 704 3484 G'ramiaesrnm
738 3419 953 3483 Oreadum
997 3421 1124 3505 species

11 3508 52 3568 oli
66 3520 181 3570 certas
202 3507 407 3568 conditiones
423 3505 638 3588 praediligere
659 3503 827 3582 videntum
850 3505 931 3566 aliae
943 3549 952 3584 ,
975 3520 1125 3567 utsxam·
1222 3525 1223 3530 ¹

10 3591 52 3653 lis
78 3607 174 3666 utar,
222 3590 369 3674 argillam
392 3588 627 3670 ferrugineum
660 3587 851 3660 auriferam,
885 3590 965 3650 aliae
994 3590 1125 3658 ltumum
1164 3665 1167 3670 ἱ
1238 3665 1243 3678 .

10 3697 177 3840 ttttffi
194 3671 434 3842 illabili
451 3693 511 3838 33:
531 3669 1127 3838 ,tt..littttl'atttriti&
1206 3777 1209 3783 ·

10 3857 55 3906 ate
101 3845 275 3926 longeque
321 3837 489 3913 diffusam,
532 3839 612 3900 alise
640 3859 763 3918 arenam
799 3838 919 3908 albam,
961 3859 978 3900 e
1013 3838 1126 3900 schisti

14 3927 161 3994 nonnosi
201 3925 322 4006 detritu
361 3937 474 3988 ortam.
535 3924 584 3983 De
614 3923 664 3982 itis
682 3925 778 3982 ‘vero
807 3920 984 4004 adhaedum
1014 3921 1126 3984 obser.

10 4011 184 4075 ationibus
206 4011 377 4072 caremus?
403 4005 439 4068 id
464 4027 582 4078 unum,
615 4003 701 4090 quod
721 4001 783 4064 huc
797 4007 958 4086 pertinet,
992 4026 1126 4070 moneo·

13 4117 61 4156 cm
84 4093 220 4164 habeo,
259 4091 436 4154 Melinin
467 4089 786 4172 minutiiloram,
816 4089 944 4163 (incolis
978 4087 1127 4174 Coa-pim

10 4175 155 4241 lordum
195 4198 219 4239 s.
250 4169 409 4248 snellardo,
453 4173 475 4237 i.
503 4193 531 4234 e.
559 4191 688 4255 gramen
716 4167 951 4254 unguinosum,
993 4165 1128 4254 dictam)
1196 4224 1200 4230 .

10 4266 276 4348 onglomcratom
293 4258 370 4322 iilud
384 4257 624 4342 ferruginosom
643 4274 804 4341 saepeque
823 4255 1019 4332 auriferum,
1042 4257 1130 4346 quoti

10 4347 184 4436 rtiqniora
210 4345 370 4432 montium
393 4339 576 4423 strauisse
607 4339 891 4470 cheragraue.
916 4362 977 4424 per
1007 4348 1130 4424 restam
