2652 4852
221 253 287 320 labb
335 249 543 314 &marran
592 237 812 310 Oasramrro
834 263 1020 312 osororrcs
1042 265 1087 310 ιτ
1108 265 1291 310 oroosoncu

221 427 681 503 turosoit(inmeridionalibua
699 441 834 510 quotuor
848 424 1040 584 quinqueve,
1056 426 1090 488 in
1105 426 1296 510 septentrima

213 509 496 591 libusregionihus
508 512 561 574 ¹viu
573 511 674 572 tribus
690 511 850 574 mensibus
900 510 1037 594 ideoque
1048 509 1099 572 bis
1112 531 1190 572 anno
1203 511 1295 572 colitur.

212 597 309 661 Haec
322 596 427 656 minor
438 596 581 669 varietas,
602 615 692 676 qnam
710 593 842 676 Hispani
852 589 1055 656 Cnorenteno
1070 596 1228 676 appellant,
1238 593 1295 674 qaod

204 678 261 756 ‚fin
288 678 547 742 meridionalibus
585 679 755 760 praniae
791 677 978 759 regionibus
1016 677 1139 740 duobus
1173 677 1299 738 mensibu

210 763 425 835 ‚maturescit,
465 763 581 824 minori
597 772 728 824 ‘statura
766 761 1006 845 minoribusque
1040 763 1146 844 grume
1174 761 1295 825 distincti.

220 845 353 908 circiter
384 846 619 928 vigintuplicem
654 859 706 928 aut
744 845 993 928 trigintuplicem
1020 845 1154 908 fructum
1182 857 1295 926 praestat

219 931 309 992 llaec
336 929 434 1014 igitur
463 951 497 992 se
512 949 560 992 eo
584 929 796 1002 commendat,
826 929 912 1011 quod
935 944 968 990 ot
990 931 1080 992 ocius
1103 929 1294 990 maturescitr.

212 1033 321 1096 ‚usque
350 1013 390 1074 ad
413 1034 547 1076 messam
571 1015 768 1078 continuatos
795 1012 922 1076 labores
950 1012 1078 1077 omnino
1099 1033 1162 1074 non
1182 1011 1295 1092 postulat

209 1117 302 1180 ,quos
326 1097 426 1178 major
441 1097 494 1158 illa
513 1091 636 1178 plantae
657 1098 780 1179 species
803 1096 950 1180 requirit.
1001 1098 1089 1160 llaec
1110 1096 1147 1157 ab
1174 1095 1299 1175 indigenis

212 1197 263 1266 ,ex
293 1182 402 1245 colore
433 1194 465 1242 ct
492 1180 705 1263 magnitudine
735 1200 906 1262 granorum
937 1181 969 1240 in
1001 1180 1093 1262 plura
1113 1199 1222 1262 genera
1240 1177 1295 1236 ‹liri-

212 1262 328 1334 ditur,
351 1285 484 1348 quorum
500 1265 624 1326 nomina
645 1264 707 1346 jam
732 1285 825 1344 snpra
847 1269 897 1348 (p.
917 1261 1006 1340 311.)
1027 1263 1239 1326 annotavimus

205 1399 214 1432 Ι,
231 1395 243 1408 ,,
302 1349 637 1430 Postquamaylrarum
658 1349 886 1430 exstirpatione
908 1358 941 1411 et
962 1347 1116 1410 imbribus
1137 1347 1228 1408 solnm
1244 1347 1294 1404 sati

213 1447 442 1514 ¹praeparatum
464 1446 527 1503 est,
556 1437 643 1511 Mays
667 1431 706 1492 ab
724 1431 939 1512 ¹Aethiopibus
958 1433 1060 1494 serris
1083 1432 1158 1502 tlsoc
1178 1430 1248 1490 enim
1263 1443 1294 1486 ru

219 1513 372 1578 miserum
393 1515 554 1596 bominum
575 1535 694 1598 genus,
727 1515 783 1578 cui
800 1515 899 1578 bueus
924 1535 963 1576 uc
984 1517 1050 1580 sola
1072 1515 1227 1576 Americae
1243 1531 1294 1590 agn

220 1597 285 1680 ipsi
314 1600 434 1662 alienus
472 1599 625 1662 colendus
659 1604 722 1676 cst)
756 1597 819 1680 hoc
847 1536 942 1660 moio
977 1600 1106 1662 teritur.
1159 1596 1293 1674 Aethiopas

207 1679 409 1766 .buicope1·i
430 1682 580 1746 destinati
601 1683 635 1744 in
658 1703 717 1744 una
738 1683 824 1747 serie
844 1695 1042 1754 statuuntur,
1075 1683 1199 1744 circiter
1216 1681 1293 1740 derra

211 1751 320 1846 perles
350 1767 488 1830 invicem
523 1767 694 1840 distantes,
733 1768 897 1849 solumque
930 1767 1090 1848 ligonibus
1127 1762 1291 1843 (Bactrum

218 1850 384 1930 aperiunt,
414 1851 487 1914 (lum
517 1865 633 1915 terram
661 1851 819 1931 paululum
847 1850 1013 1914 retrabunt
1040 1869 1137 1932 aeque
1156 1864 1233 1910 retro
1249 1867 1291 1906 nu

220 1946 332 1994 rentes
354 1935 439 1997 circa
461 1935 523 1995 duo
544 1935 643 2016 pedes
666 1935 788 2017 longius
817 1935 920 1996 simile
946 1933 1091 1996 foramen
1110 1934 1228 1996 iaciunt.
1260 1931 1290 1988 lr-

221 2015 385 2076 turbinos
406 2017 519 2079 borum
541 2019 760 2100 operariorum
780 2014 893 2080 tertius
914 2018 994 2080 alius
1016 2032 1094 2090 stat,
1126 2016 1188 2080 illis
1212 2013 1290 2078 satas

208 2097 408 2174 obvertens,
451 2103 506 2186 qui
537 2102 570 2163 in
600 2102 699 2164 corbe
728 2102 846 2164 semina
876 2115 997 2183 portat,
1039 2122 1170 2184 quorum
1195 2099 1289 2162 himin

219 2182 386 2266 quodlibet
408 2183 553 2248 foramen
575 2186 686 2268 injicit.
730 2186 802 2281 Quo
824 2186 908 2248 sacto
932 2205 969 2250 ea
990 2187 1072 2268 tegit
1092 2185 1204 2268 aliquid
1221 2197 1289 2242 unu

218 2266 302 2348 pede
324 2267 488 2330 illinenda.
532 2270 604 2334 Tali
625 2269 719 2330 modo
740 2289 868 2351 magnus
888 2289 965 2352 ager
978 2267 1071 2332 breri
1093 2283 1224 2350 tempore
1238 2285 1288 2325 er·

207 2352 288 2416 ,aeri
308 2367 424 2434 potest.
467 2357 502 2416 ln
523 2355 645 2438 aliquot
662 2355 847 2435 regionibus
862 2353 953 2417 valde
972 2354 1050 2416 sicci
1069 2353 1196 2416 climatis
1208 2349 1286 2412 araim

219 2447 386 2518 antequam
403 2450 570 2510 seruntur,
604 2437 698 2498 etiam
716 2440 750 2500 in
764 2459 842 2521 aqua
856 2437 1011 2500 macerari
1028 2437 1148 2510 solent,
1175 2451 1204 2496 nt
1220 2435 1284 2492 ian

219 2532 359 2592 mentum
381 2521 527 2601 juvetur,
558 2536 592 2583 et
611 2521 640 2582 si
654 2521 789 2586 colonus
809 2535 953 2594 veretur,
984 2540 1025 2582 ne
1049 2520 1188 2603 psittaci,
1206 2517 1285 2580 coln·

218 2599 278 2670 bae
304 2617 336 2666 et
353 2605 431 2666 aliae
449 2625 523 2669 arca
550 2625 720 2688 granorum
745 2603 860 2667 edaces
878 2618 1022 2688 segctem
1046 2617 1171 2678 eruant,
1195 2601 1242 2662 bot
1256 2599 1287 2655 'u-

208 2685 342 2751 ,tardum
362 2687 409 2750 sic
427 2688 583 2772 impedire
602 2702 709 2761 tentat,
733 2703 767 2750 ut
782 2709 878 2771 grana
895 2687 930 2750 ia
948 2687 1082 2750 decocto
1101 2687 1206 2750 herbae
1222 2685 1299 2760 l’aa-¹

206 2768 347 2839 ‚liniae
369 2772 564 2852 pinnatae
586 2786 638 2834 aut
652 2773 781 2834 aliarum
797 2773 973 2853 plantarum
993 2771 1229 2834 veneniferam
1244 2785 1286 2822 nr

217 2867 323 2928 curet,
347 2856 459 2938 quibus
486 2855 550 2918 esis
578 2877 652 2918 ares
682 2855 717 2918 in
744 2856 888 2918 morbum
916 2855 1080 2928 incidunt,
1110 2851 1299 2934 extemploque

217 2949 283 3001 sata
303 2941 446 3021 populari
469 2941 635 3006 desistunt.
1298 2965 1299 2974 ¹

201 3091 204 3098 ,
303 3026 381 3086 Cum
410 3024 522 3104 Maydo
552 3022 711 3086 interdum
747 3021 888 3088 labarum
919 3023 1046 3105 species
1077 3019 1192 3100 (Prinos
1214 3013 1287 3078 tant

219 3103 313 3166 simol
343 3120 375 3166 et
406 3109 585 3188 promiscue
620 3108 785 3180 coluntur,
818 3121 851 3168 ut
882 3107 1114 3170 Phaseolus
1143 3105 1285 3166 derasus

217 3190 504 3265 mesoleucos,
543 3191 745 3254 Dolichos
778 3191 974 3254 cinensis.
1025 3195 1074 3254 Ex
1099 3189 1157 3252 boc
1177 3182 1287 3270 uude·

216 3287 388 3336 nascuntur
406 3274 587 3349 commoda,
610 3275 695 3358 quod
722 3287 816 3338 serto
846 3275 939 3357 nigro
965 3289 1074 3358 gratus
1094 3271 1240 3356 acquiritur
1254 3285 1285 3320 n-

146 3391 150 3400 ·
201 3369 287 3426 ,ctus
315 3355 500 3442 lllaytlisque
536 3359 766 3431 incrementum
804 3372 1028 3440 promovetur,
1079 3353 1285 3441 quintuico

201 3440 294 3513 1riam
308 3443 461 3505 zizaniam
479 3441 668 3524 prohibent,
686 3441 779 3506 culmi
804 3461 843 3504 ue
858 3443 971 3524 podem
987 3442 1166 3504 adumbrant
1176 3449 1299 3525 atcerte*

201 3525 312 3590 allant.
358 3527 461 3673 (quum
485 3527 589 3608 planta
621 3527 714 3588 unius
736 3463 827 3608 pelis
858 3526 988 3588 circitor
1011 3525 1196 3586 altitudinem
1213 3523 1299 3604 atnpt¹

201 3622 248 3671 'ct
265 3630 372 3672 nonnu
388 3613 416 3672 la
429 3610 505 3673 lolia
528 3609 651 3682 emisit,
682 3631 789 3670 arrum
814 3611 979 3672 mundatur
996 3621 1239 3674 coracensium
1255 3615 1299 3690 tq

216 3693 300 3756 citur
319 3695 403 3760 circa
420 3695 568 3758 radicem.
590 3696 678 3756 Haec
699 3683 747 3754 ist
763 3694 854 3756 unica
872 3713 985 3776 opera,
1008 3713 1088 3776 quae
1108 3689 1198 3772 Mardi
1209 3681 1299 3768 wlstt

218 3775 277 3840 dne
298 3779 331 3840 in
352 3779 485 3842 Brasilia
510 3791 661 3850 cavetur,
693 3776 747 3837 ubi
766 3790 799 3836 et
814 3777 1033 3840 consertorum
1051 3775 1223 3838 crulsiontn
1237 3761 1299 3824 “ll

215 3880 340 3924 morum
356 3878 388 3926 et
402 3863 607 3926 mascularum
624 3861 835 3943 panicularum
851 3860 1078 3923 abscissionem
1096 3861 1127 3922 in
1142 3853 1219 3919 culmi
1229 3845 1279 3906 ΕΜ·

215 3965 296 4030 quae
319 3945 381 4010 duo
398 3947 540 4010 laborum
557 3965 674 4028 garrera
696 3945 729 4005 iu
753 3945 859 4008 multis
877 3947 1024 4026 Europae
1046 3941 1212 4024 regionibns
1225 3929 1278 3990 obl*

213 4043 303 4102 neiat,
318 4052 449 4114 promus
460 4031 616 4114 ignorant.
647 4033 724 4090 Tam
735 4029 894 4092 fortunata
905 4027 988 4089 enim
999 4041 1048 4088 est
1063 4027 1113 4088 ills
1125 4023 1201 4086 orbis
1211 4017 1277 4102 pitz}

215 4113 343 4178 uisere
365 4117 478 4184 unicus
498 4115 656 4196 agricolae
681 4113 722 4174 sit
740 4111 841 4182 labor,
867 4131 946 4194 quae
968 4111 1098 4182 aercrit,
1121 4119 1225 4170 rmum
1253 4103 1275 4150 ³¹

214 4199 369 4265 foeminei
393 4197 539 4277 spadices
558 4195 776 4270 matoneum,
817 4219 877 4258 una
898 4215 967 4258 cum
983 4193 1100 4276 spatbis
1115 4193 1275 4268 carnut*

214 4297 310 4366 atquo
335 4280 368 4342 in
386 4278 507 4342 siccum
529 4293 562 4342 ot
583 4280 653 4342 aeri
676 4281 855 4365 expositum
878 4277 1056 4342 aedilicium
1086 4278 1222 4340 termut.
1239 4257 1275 4318 ὓ*
