2652 4852
216 293 279 388 540
402 294 612 358 Germanae.
656 261 873 380 Obsrntqrso
895 309 1135 357 ascensentur.

216 492 384 560 repens,
415 457 589 536 Bromu's
618 467 783 545 mollis,
811 459 978 544 'Italiam
1007 474 1274 536 temulentnnet

214 557 457 632 maximum,
485 557 698 632 Hordeum
738 557 941 617 murinum
974 571 1021 629 et,
1064 557 1297 620 teutarius

214 664 260 706 ns
292 663 319 706 s.
355 661 511 714 erraras,
542 643 682 702 Arena
703 639 853 714 sative,
882 653 946 702 tam
975 643 1123 723 Europae
1149 663 1275 726 qnanu

213 725 319 791 stralis
340 725 510 804 Amerieae
531 726 713 786 communias
735 721 918 803 indigenae.
967 717 971 737 ¹

295 811 419 870 Demus
450 808 566 884 etiam,
606 825 687 891 quae
714 806 946 869 nominavimus
976 809 1131 889 gramina,
1167 826 1279 887 campan

213 892 416 993 praesertim,
440 912 480 953 ex
497 891 577 953 orbe
596 889 700 954 veteri
715 907 795 950 ¹casu
815 891 966 952 translata
982 890 1101 966 fuisse,
1129 893 1203 976 qaod
1219 911 1281 974 qens

212 979 357 1060 aps'orum
385 976 506 1038 semina
535 987 642 1037 essent
674 972 761 1036 inter
782 973 943 1036 frumenta
975 988 1009 1036 et
1028 975 1201 1060 gallinamn
1219 974 1281 1056 pale

209 1061 277 1121 lum
294 1058 391 1121 sicile
408 1055 481 1120 fieri
497 1058 613 1140 potuit,
624 1089 666 1102 -
676 1077 759 1200 quac
769 1057 899 1142 quidem
911 1056 1021 1140 opinio
1032 1059 1236 1121 corroboratur
1248 1056 1283 1116 el-

180 1151 187 1164 *
212 1143 418 1217 servatione,
441 1142 496 1218 illa
512 1163 573 1224 per
592 1138 689 1203 borea
704 1161 737 1202 ea
754 1135 990 1228 calidioresque
1006 1143 1297 1224 israelitaruman

208 1225 326 1290 diffusa
355 1246 421 1289 non
445 1244 537 1302 esse;
564 1250 618 1272 -’
632 1229 696 1309 qito
723 1223 820 1286 modo
844 1238 951 1288 tamen
982 1225 1182 1300 factumest,
1205 1223 1297 1284 utalia*

207 1299 382 1396 proculab
410 1330 466 1372 ora
495 1309 673 1382 maritima,
694 1308 727 1370 in
746 1309 937 1392 regionibus
957 1329 1062 1392 prope
1085 1311 1200 1372 modum
1221 1307 1283 1369 inlu·

215 1392 400 1469 spitalibns,
441 1393 522 1455 ualie
547 1405 597 1454 est
619 1391 838 1454 Chautaria
870 1394 1121 1456 caneriensis
1147 1395 1176 1455 iu
1197 1391 1283 1472 eanpis

205 1469 249 1547 'ed
270 1475 403 1540 fluvium
419 1416 605 1560 itepieum'r,
637 1475 828 1540 Provinciae
842 1478 1139 1558 Marsgnaniensis,
1163 1475 1284 1539 interiu-

206 1573 279 1637 tur,
312 1562 377 1624 nisi
401 1562 546 1624 locurum
569 1560 700 1622 illorum
720 1566 895 1624 statuamus
912 1561 1086 1646 indigene?
1127 1563 1199 1623 llira
1216 1561 1282 1620 aian

208 1645 366 1727 Orpeae
405 1641 722 1708 sativae-diffusio
747 1656 815 1720 est,
861 1645 925 1706 illis
956 1647 1054 1706 etiam
1094 1645 1126 1706 is
1155 1641 1283 1708 tostos

93 1733 97 1742 ’
208 1729 303 1806 viae,
335 1727 391 1814 qui
421 1729 535 1811 procul
568 1727 608 1790 ab
636 1729 723 1791 omni
752 1727 874 1808 cultura
901 1741 975 1790 sunt
1001 1749 1106 1814 eoque
1135 1727 1282 1790 mirabilius

206 1813 295 1900 quud
339 1815 438 1876 Zeae
476 1810 660 1894 Mayidis'
685 1811 774 1876 nulle
814 1813 992 1893 specimina
1031 1827 1172 1895 sponte
1201 1829 1281 1872 cres·

205 1897 341 1960 centia
362 1895 516 1959 hactenus
539 1897 573 1957 in
586 1896 730 1957 ‘Braa'ilia
750 1895 790 1957 ab
812 1896 920 1980 aliquo
941 1899 1163 1960 Botanicurum
1181 1897 1232 1958 sint
1251 1893 1282 1952 ia·

203 1994 318 2053 venta,
347 1981 426 2040 licet
446 1982 550 2062 planta
579 1981 756 2060 permulta
783 1980 907 2041 saecule
929 1993 1004 2042 ante
1031 1985 1244 2064 Europaccrun
1261 1975 1281 2034 it

202 2065 324 2126 novum
346 2061 459 2140 orbem
480 2063 702 2146 navigationes
723 2062 843 2126 ibidem
867 2064 951 2137 culta
970 2063 1081 2126 fuerit.
1122 2061 1203 2126 Talia
1219 2057 1281 2122 nebit

111 2131 124 2156 ⁴
200 2139 476 2232 perpendentibus
514 2144 699 2209 recordatio
724 2145 820 2209 'subit
850 2149 1027 2229 plantarum
1065 2147 1200 2220 illarum,
1227 2159 1280 2226 φῆ

202 2231 295 2317 quasi
316 2249 418 2294 coeco
439 2243 545 2294 mutae
568 2229 880 2293 instinctuhominea
899 2231 932 2292 in
953 2232 1174 2295 remotissimas
1189 2231 1279 2307 illone

202 2313 419 2399 habitationes
446 2314 716 2389 concumbentes,
753 2315 816 2378 sibi
839 2315 1001 2377 domicilia
1022 2337 1136 2398 parere
1159 2316 1279 2378 diesem.

102 2409 108 2420 “
204 2399 278 2472 dum
297 2399 396 2474 aliae,
419 2395 454 2459 ut
468 2398 539 2482 ipsa
557 2397 687 2459 Cereris
701 2396 801 2476 dona,
824 2399 916 2484 quasi
935 2399 1068 2462 bumana
1083 2400 1222 2463 industria
1232 2413 1278 2456 cue

203 2495 275 2544 otae
307 2483 361 2543 vix
386 2482 450 2542 nisi
481 2483 604 2556 cultura
633 2481 784 2568 renovari
811 2485 956 2566 possint,
985 2497 1019 2548 et
1034 2483 1110 2546 ideo
1130 2495 1178 2546 aut
1197 2477 1277 2540 blanlt

201 2564 369 2640 bominum
385 2567 549 2629 consortio
571 2565 733 2630 domuisse
756 2580 812 2628 sut
832 2567 928 2652 longa
949 2567 1142 2632 cercitudine
1160 2559 1277 2628 tuente

203 2651 313 2713 studio
342 2645 472 2712 'orbatae
499 2647 676 2712 videanturi
779 2669 787 2678 ¹
827 2667 830 2676 ·
924 2675 932 2686 ·

281 2735 456 2795 Caeterum
478 2728 883 2796 neie'animsdvsrtenuun
902 2747 962 2809 est,
984 2733 1173 2798 commercio
1187 2725 1297 2794 delle¹

202 2837 297 2900 pum,
332 2817 420 2914 qarod
443 2817 507 2903 jain
532 2818 571 2880 ab
595 2817 719 2901 aliquot
746 2807 882 2880 saeculis
911 2819 1096 2882 intereras
1121 2818 1282 2882 Gnineastl

199 2899 424 2984 Mosembaque
458 2921 529 2964 cum
578 2899 718 2962 Braailia
754 2901 899 2976 obtinet,
943 2901 1038 2966 effici
1071 2916 1106 2965 et
1136 2917 1205 2986 qnae
1230 2911 1282 2954 ren

241 2986 380 3045 amioum
408 2984 441 3045 in
466 2987 564 3049 Flora
584 2983 775 3046 Brasiliensi
797 2985 1034 3050 recensitorum
1059 2987 1156 3068 patris
1178 2981 1227 3050 sit·
1248 2976 1282 3034 '5¹

224 3065 330 3128 efiniri
353 3069 468 3148 possit.
520 3071 589 3137 Hac
622 3087 739 3148 nempe
764 3067 815 3130 via
845 3070 959 3132 multas
980 3071 1122 3154 pientes,
1141 3079 1282 3154 quaerut

199 3151 365 3213 Brasiliae,
385 3151 556 3235 indigenae
581 3165 733 3232 putantur
755 3171 794 3214 ex
818 3150 868 3214 bis
888 3155 955 3216 oris
974 3165 1050 3216 eum
1069 3155 1193 3216 miserae
1212 3159 1281 3236 sunu

114 3268 127 3280 ι
195 3235 383 3297 bominibus
431 3235 535 3298 illatas
577 3255 649 3298 ease
686 3255 767 3298 veru
806 3236 912 3300 simile
946 3237 1112 3314 redditur,
1146 3233 1220 3314 cujas
1247 3244 1281 3288 πὶ

197 3318 389 3381 Panicum
406 3317 687 3382 'numidiarum
710 3333 743 3381 et
761 3321 1281 3401 spectabitatommutrues

199 3405 291 3508 Quae
316 3402 449 3488 quidem
469 3403 637 3466 difficultas
662 3403 696 3463 in
721 3402 791 3465 dies
814 3418 967 3489 nugetur,
998 3427 1097 3492 quum
1119 3417 1216 3488 portas
1232 3395 1283 3454 bn-

198 3487 349 3562 salientes
379 3507 444 3548 non
474 3487 576 3550 solum
609 3508 626 3548 a
659 3487 791 3549 naribus
820 3489 1008 3572 eurppaels,
1045 3509 1151 3552 verum
1178 3483 1280 3546 etiant

196 3569 428 3640 Promontorio
458 3571 565 3634 bonae
594 3569 685 3652 spei,
734 3589 773 3632 ex
802 3573 953 3635 orientali
980 3573 1077 3636 Jndis
1113 3586 1146 3636 et
1163 3563 1279 3633 'suane

197 3655 324 3725 boreali
345 3654 588 3719 adventantibus
608 3653 861 3738 frequententur.

285 3739 538 3824 Supersedemus
565 3741 675 3822 itaque
703 3738 926 3801 enumerandis
954 3755 1102 3803 accurate
1131 3729 1279 3822 speciebus·

202 3845 280 3910 quse
302 3824 438 3886 Brasilia
457 3844 528 3894 cum
552 3821 624 3884 aliis
644 3821 832 3904 regionibus
854 3841 1038 3885 communes
1059 3822 1166 3896 babet,
1186 3815 1281 3892 ceriti·

197 3909 346 3993 turisque
373 3928 471 3992 super
497 3928 607 3970 earum
639 3925 806 3966 numerum
830 3903 1046 3982 deducendis,
1076 3927 1171 3992 quse,
1197 3913 1281 3988 att?

196 4009 282 4056 nunc
304 4004 396 4065 sunt,
425 4010 490 4080 nup
514 4011 586 4056 esse
607 4007 845 4072 praeproperae
866 4003 928 4053 non
950 4004 1093 4073 possunt.
1135 3985 1281 4053 sufferat

197 4077 226 4141 si
254 4090 423 4138 numerum
447 4077 625 4157 specierum
649 4071 681 4136 in
713 4071 772 4136 bac
793 4075 889 4137 Flora
909 4075 1155 4146 recensitarum,
1191 4079 1280 4154 pert*

195 4159 335 4228 familias
357 4155 568 4242 digestarum,
591 4178 661 4219 cum
685 4155 750 4218 illis
773 4175 1009 4240 comparamus,
1033 4179 1111 4244 quas
1132 4154 1229 4236 inclyti
1244 4163 1279 4230 pr

196 4244 419 4330 regrinatures
457 4241 507 4304 Al.
541 4242 582 4304 de
612 4259 797 4303 sensusne
833 4255 866 4304 et
900 4263 1078 4304 sensusne
1114 4241 1220 4306 itiam
1242 4247 1279 4291 Μ

196 4327 395 4400 retulernatt
417 4319 450 4384 id
471 4324 558 4407 qnod
579 4325 741 4406 praesenti
761 4321 798 4390 tit
817 4325 939 4390 tabulas
