2630 4852
198 331 201 342 ,
264 271 474 335 Garumna.
515 255 662 336 Macros.
705 275 844 338 Uriona.
891 227 893 231 v
1054 277 1118 346 487

0 439 49 510 is,
72 448 279 510 tamremulis
293 447 478 531 paucilloris
499 455 624 534 patulis.
654 489 696 502 -··
726 423 879 518 Melies
899 475 1107 520 racemosa

1 523 194 591 ahlenb.
224 535 311 610 ·(M.
346 535 720 621 Mtihlen·hergiaus
753 536 876 602 Schult.
914 537 1029 616 Maut.
1059 531 1105 603 ll.

0 632 18 666 ¹
37 611 126 686 sets.)
146 615 293 695 particula
313 618 450 701 simplici
470 618 607 683 sexllora
624 623 750 704 longius
767 623 868 685 adhuc
886 623 990 686 distat.
1107 649 1108 656 ¹
1140 659 1143 671 v

209 777 212 795 ’
281 897 284 904 ¹
385 827 509 885 axxur.
546 830 733 890 arrosa..

97 1068 166 1132 tab.
189 1068 218 1133 I.
237 1086 267 1136 et
296 1078 328 1141 V.
351 1101 388 1162 p.
402 1101 473 1161 coo.
492 1077 576 1142 Juss.
600 1077 689 1144 Tria.
711 1077 808 1142 Lina.

54 1161 193 1320 Uulipli,
216 1216 259 1228 -
278 1186 384 1260 Poae,
405 1188 637 1270 Brachypodii,
660 1191 817 1252 Festueae
838 1210 904 1274 sp,
932 1183 1034 1250 Palis.
1056 1189 1096 1252 de

132 1283 229 1323 cauo.
887 1285 891 1296 '

52 1367 140 1428 Poae
163 1389 235 1451 sp..
257 1367 396 1462 Rutuli„

96 979 179 1048 Lin.
196 987 300 1073 Hesp.
319 989 478 1067 Classific.
503 996 536 1056 in
556 995 647 1060 Anu.
667 997 722 1060 des
738 1019 785 1066 sc.
805 1008 873 1060 nat.
899 1001 923 1060 I
924 1004 957 1062 V.
973 1022 1008 1082 p.
1028 1003 1098 1066 850.

66 1493 223 1592 Spicula
242 1501 437 1576 multillora
464 1501 646 1598 (lloseulis
671 1519 823 1603 5·.·¹5²'
856 1507 1103 1608 inferioribus¹
1172 1535 1178 1550 ·

37 1592 258 1686 quibusdam
283 1601 466 1676 sterilibus
489 1607 628 1676 neutris
651 1604 877 1676 uniralvibus
898 1625 959 1677 aut
978 1605 1102 1690 obso·,

3 1687 302 1785 ebivalvibus),
328 1725 437 1797 saepe
469 1727 690 1800 compressa.
741 1700 894 1772 Glumae
915 1703 1089 1802 inaequa-

1 1807 41 1866 ⁸2
80 1790 229 1888 spicula
256 1793 466 1882 breviores,
500 1799 857 1899 tri-septemnerres.
915 1800 1089 1876 Valrulae

7 1882 180 1959 uriaceae:
209 1891 364 1964 inferior
380 1895 461 1968 basi
483 1897 664 1969 cucullato
677 1915 906 1981 -eontracta,
932 1917 1089 1996 septem·

1 1982 82 2052 emis
121 2011 211 2058 cum
245 1991 303 2062 rel
346 1993 424 2064 sine
452 1996 573 2067 nervis
597 1995 843 2080 intermediis,
883 1991 1089 2068 acuminata

1 2071 26 2142 el
47 2105 85 2149 ex
106 2084 223 2181 apice
249 2089 405 2186 setigera
413 2117 425 2182 3
461 2093 628 2190 superior
655 2091 737 2164 basi
760 2093 930 2179 dilatata,
965 2093 1087 2164 lateri-

5 2197 36 2244 us
68 2179 377 2276 alato-recurva,
419 2191 539 2260 antice
572 2189 716 2275 inllexa,
764 2190 905 2282 integra
940 2191 996 2260 vel
1029 2191 1085 2290 hi«-

1 2267 52 2355 ὼ,
81 2275 270 2368 binervis,
312 2285 434 2355 nervis
459 2287 661 2359 herboreis.
712 2285 911 2357 Lodiculae
933 2288 1085 2389 compli-

1 2384 279 2450 ‘ato-truncatae
303 2383 520 2480 (impressae
543 2387 630 2456 Ras
638 2383 773 2482 pail),
804 2383 883 2482 basi
900 2381 1082 2469 dilatatae,
1149 2475 1152 2482 .

2 2471 243 2547 rassiusculae.
295 2477 459 2551 Stamina
476 2481 564 2565 tria,
591 2481 751 2552 antheris
769 2479 954 2551 violaceis.
994 2483 1084 2551 Ger-

10 2587 43 2632 en
72 2570 272 2666 glabrum3
317 2576 403 2673 styli
429 2577 549 2674 longi3
589 2579 758 2676 stigmata
786 2601 932 2674 sparsa,
970 2579 1084 2650 riola·

13 2685 37 2730 a·
81 2669 291 2770 Garyopsis
310 2697 540 2772 compressa,
567 2677 913 2747 carinam-sulcata.

49 2785 351 2863 lnttorescentia=
382 2795 572 2892 panicula,
611 2795 668 2867 rel
698 2793 813 2866 effusa
843 2792 906 2866 vel
934 2811 1079 2866 contra·

12 2924 15 2931 ·
39 2883 266 2987 subsimplex
284 2891 521 2988 spicil'ormis.
546 2937 596 2950 —
619 2891 748 2988 Ligula
764 2889 925 2961 barbata.
962 2895 1079 2962 Trun-

1 2997 26 3042 ‘s
46 2980 309 3058 subterraneus
335 2989 375 3058 in
397 2989 616 3085 quibusdam
639 3013 817 3075 ramosus.

37 3095 211 3164 Oltserv.
259 3105 370 3167 Genus
400 3107 505 3166 multis
542 3107 706 3168 erroribus
730 3119 872 3171 vexatum
889 3119 920 3165 et
940 3105 1021 3165 male
1037 3107 1076 3166 ab
1194 3161 1199 3172 ,

1 3181 132 3247 tatoribus.
159 3188 430 3270 interpretatum,
454 3191 508 3272 qui
527 3203 600 3271 post
623 3190 845 3249 Linnacum
866 3189 997 3248 nimium
1019 3193 1076 3248 tri-

0 3259 86 3325 ebant
105 3265 258 3332 llosculis
277 3272 488 3334 inferioribus
505 3275 539 3334 in
556 3272 740 3356 quibusdam
755 3273 877 3332 neutris
895 3285 927 3332 et
944 3271 1074 3350 subuni-

1 3339 105 3423 lubus,
127 3355 183 3415 vel
199 3377 277 3416 curn
296 3357 488 3416 Belvisio
510 3359 541 3417 in
563 3377 713 3418 mucrone
733 3375 870 3416 nervoso
894 3355 992 3435 apicis
1013 3357 1089 3415 val·

1 3423 85 3492 larum
111 3437 284 3498 restabant
312 3439 529 3523 lodiculasque
554 3441 709 3502 bisetosas
731 3440 941 3522 quaerebant3
968 3455 1073 3520 neque

0 3510 46 3586 35⁸
62 3537 119 3595 pro
138 3520 336 3584 charactere
358 3521 613 3599 sufficitearina
639 3521 843 3584 flosculorum
874 3540 1071 3600 compresso-

6 3614 39 3660 ¹·
65 3619 134 3662 eum
157 3605 234 3664 talis
261 3603 386 3676 fabrica
413 3606 519 3667 multis
540 3608 575 3667 in
597 3606 768 3688 generibus
789 3605 830 3664 sit
853 3603 956 3663 ebria.
998 3605 1070 3663 Pri-

9 3697 131 3773 tauteus
158 3687 200 3748 cl.
224 3689 404 3772 Raspail
424 3707 492 3748 rem
512 3689 574 3750 rite
594 3689 779 3772 exposuisse
804 3687 945 3758 ridetur,
975 3707 1070 3772 quem

8 3773 44 3820 uti
62 3787 180 3832 sumus.

30 3867 210 3936 Proximum
241 3875 365 3936 etenim
380 3889 449 3936 stat
473 3895 572 3957 genus
594 3877 695 3937 hocce
719 3875 920 3934 Festucae
942 3877 1065 3956 generi,

13 3969 48 4009 no
63 3955 292 4044 distinguitur:
325 3959 524 4041 stigmatibus
545 3959 663 4040 sparsis
684 3963 802 4038 (neque
821 3957 978 4032 distichis)
993 3979 1066 4041 pur·

14 4035 72 4111 eis3
101 4045 194 4122 stylis
220 4042 353 4124 longis;
388 4041 535 4104 lodiculis
566 4040 761 4122 complicatis
777 4053 870 4122 atquc
892 4044 1091 4188 truncamus·

7 4119 64 4178 uta
80 4123 242 4186 inferiore
266 4125 427 4186 solidiore
442 4125 673 4206 septemnervi‚
702 4123 965 4203 velplurinervi,
996 4127 1033 4187 ba

1 4201 315 4284 tullato-cout1·acta3
352 4209 519 4289 superiore
543 4207 610 4268 basi
640 4207 764 4268 dilatata
789 4207 1016 4272 herbacea...
1037 4213 1067 4272 A

11 4303 25 4340 t
43 4299 73 4347 el
91 4291 329 4377 Eragrosti
351 4293 435 4353 notis
457 4292 526 4353 sere
546 4289 658 4352 iisdem
680 4289 871 4354 distinctum.
