2604 4876
189 129 212 195 ὑ
642 87 866 186 (ὶιιιιιειιι.Ι

184 303 421 406 affirmaverit
442 301 702 402 aptissimeque
720 301 759 376 in
780 304 989 378 universum
1007 328 1074 404 per
1093 327 1225 400 genera
1248 301 1299 376 di·

182 404 378 502 apositam,
420 402 478 472 rix
499 426 591 500 quae
616 401 694 504 jure
719 401 939 499 objiciantur
955 403 1128 476 invenies.
1177 403 1299 474 Docu-

182 519 306 573 mento
330 500 402 571 sint
424 523 554 597 opera,
582 499 753 596 quaexhie
773 500 986 592 citavimus3
1013 499 1236 572 diversorum
1259 523 1299 571 es

182 615 371 672 suetorum
391 595 630 694 pluribusque
651 596 746 667 inter
767 621 807 668 se
828 598 976 695 quidem
998 595 1299 682 dissentientium,

183 695 250 770 aed
268 721 423 793 quorum
439 692 572 790 singuli
585 718 653 790 pro
672 719 738 764 sua
752 712 830 766 arte
846 720 925 768 rem
942 712 1087 768 strenue
1098 711 1299 792 pertracta·

183 811 311 868 verunt
334 810 372 864 et
392 791 507 880 lucem
537 790 763 888 praeclaram
794 793 992 867 attulerunt
1015 792 1188 864 historiae
1210 791 1299 863 ista·

158 917 262 972 xrum
280 889 458 988 stirpium.
510 891 566 960 Dc
584 889 787 988 specierum
810 890 966 965 historia
985 915 1059 962 non
1081 889 1178 962 idern
1190 888 1299 976 valet,

181 1006 391 1084 restantque
412 985 525 1058 multa
550 985 606 1056 rel
625 985 765 1058 incuria
786 987 939 1066 confusa
956 986 1012 1060 vel
1028 988 1186 1082 partium
1204 985 1299 1060 ande

180 1085 368 1156 intellecta
399 1100 578 1156 structura
608 1083 824 1160 obscuriora
836 1133 848 1170 ,
894 1109 986 1184 quae
1008 1085 1170 1182 'denique
1193 1085 1299 1156 Tri·

179 1182 249 1253 nii
274 1181 392 1254 nostri
408 1206 559 1252 acumen
582 1179 788 1278 explicabit.
839 1181 974 1280 Aliqua
999 1183 1070 1280 ipsi
1096 1183 1134 1252 in
1158 1181 1214 1254 bis
1231 1207 1299 1278 pa·

178 1279 301 1376 gellis,
334 1279 549 1377 praesertim
577 1278 676 1374 quod
702 1278 749 1350 ad
771 1280 1000 1357 Puniceus
1027 1278 1176 1364 attinet,
1212 1279 1299 1352 ber·

179 1377 364 1450 bariornrn
389 1377 611 1476 optimorum
634 1375 855 1450 adminiculo
876 1377 1110 1476 profecimus.

232 1530 529 1614 'character
578 1539 868 1613 essentialis.
938 1539 1024 1611 Flos
1071 1535 1297 1636 glumaceus.

178 1667 351 1738 Fructus:
379 1658 585 1758 Garyopsis.
625 1659 758 1732 Samen
777 1659 1170 1732 albuminefarinaceo.
1207 1661 1299 1734 Em·

175 1785 270 1882 bryo
311 1775 491 1866 lateralia,
549 1777 686 1850 irrlerus
698 1827 709 1866 ‚
761 1779 984 1882 hypoblasto
998 1778 1036 1873 i)
1085 1777 1299 1878 impositus.

175 1919 340 1986 erectus,
366 1899 534 1998 radicula!
559 1899 774 1976 subtriloba.

175 2077 587 2098 ...fin-——u--mnfl

206 2185 236 2253 ·>
254 2180 772 2324 saturitatisa?
947 2184 1145 2322 ‘stru

268 2323 273 2334 Ι
433 2284 1147 2334 ,w‚tu‚urtn,¹cr‚
1240 2285 1299 2320 V·

271 2325 607 2420 sanue'cotyledonem
633 2364 694 2402 esse
718 2287 909 2417 existiment?
924 2351 1070 2406 lateralem
1089 2361 1173 2414 eum,
1191 2347 1238 2404 vel
1259 2349 1299 2406 in

270 2428 432 2492 nonnullis.
463 2439 496 2483 ut
518 2431 548 2486 iu
569 2431 764 2500 Bnmbusa,
787 2434 936 2488 Trition
963 2444 1018 2488 etc.
1045 2420 1132 2486 e'tiaua
1146 2429 1298 2488 bilobutn.

268 2513 373 2568 Nostra
386 2523 480 2564 autem
494 2515 650 2578 sententia,
670 2531 754 2586 quarn
771 2515 802 2576 in
816 2515 1007 2572 describendo
1015 2515 1173 2571 Palinurum
1183 2513 1298 2574 semina

269 2609 385 2668 quoque
400 2593 545 2668 amplexus
561 2607 601 2650 est
613 2595 710 2650 editor
720 2596 804 2666 hujus
813 2597 912 2666 florae,
926 2597 1079 2669 cotyledon
1095 2595 1225 2668 eagina
1244 2611 1298 2656 est

272 2675 478 2748 plumulae,
500 2679 594 2749 qualis
620 2679 785 2735 eoleorbiaa
808 2679 1018 2747 radiculae,
1042 2695 1115 2752 quea
1138 2687 1234 2752 partes
1261 2679 1297 2738 in

269 2757 347 2812 nullo
359 2777 415 2812 non
431 2764 619 2831 reperiuntur
629 2763 803 2832 emmone,
821 2764 890 2818 licet
905 2761 995 2836 gradu
1012 2760 1186 2818 avolationis
1197 2762 1296 2832 vario,

270 2843 457 2895 concretione
475 2853 529 2902 etc.
544 2847 663 2901 maxime
676 2845 809 2906 diversae
826 2847 942 2919 sibique
957 2845 1126 2915 dissimilem
1149 2862 1179 2900 v.
1196 2862 1241 2910 e..
1260 2859 1296 2906 ut

270 2921 307 2976 do
324 2923 493 2991 cotyledone
515 2943 605 2997 pauca
623 2945 801 2992 reteneamus,
824 2930 964 3001 vagina
982 2929 1165 3003 plumulae
1182 2927 1228 2984 rel
1248 2927 1296 2986 in·

268 3013 481 3076 tegraperstat‚
500 3007 536 3060 ab
556 3009 602 3061 illa
621 3009 650 3064 in
668 3011 875 3080 germinatione
894 3009 1018 3086 denique
1037 3010 1197 3067 lateraliter
1213 3029 1295 3068 runs.

268 3085 383 3158 penda,
402 3105 434 3123 ν
454 3087 500 3142 rel
517 3091 610 3144 tenuis
626 3103 668 3148 eet
684 3095 823 3168 spiraque
860 3094 1032 3162 erius-unda,
1051 3111 1117 3152 snex
1129 3105 1226 3150 autem
1240 3113 1295 3170 pe·⁴

267 3168 346 3222 nitus
361 3185 534 3226 evanescens
553 3190 708 3249 veramque
724 3115 857 3248 uagina-b
868 3178 1084 3252 primordialem
1098 3177 1243 3250 ulmeus,
1264 3197 1294 3236 u

269 3251 297 3306 in
316 3252 544 3320 Gramineis,
562 3283 595 3296 -
613 3258 671 3318 vel,
689 3259 863 3332 sprincipio
886 3263 971 3316 etiam
991 3263 1020 3318 iu
1038 3262 1131 3318 duas
1146 3261 1294 3334 plut-aa

145 3401 156 3412 ·
267 3331 1281 3420 vepartesslivisa.dieetyledenuutplantarumvelpoly

267 3415 525 3486 cotyledonum
544 3423 767 3494 appellationem
790 3405 860 3480 bae'e
879 3425 977 3482 eadem
994 3427 1097 3502 ragina
1114 3426 1293 3484 introduxit

265 3499 500 3571 quemadmodum
525 3502 674 3577 integra
699 3507 747 3560 illa
764 3507 1071 3579 menocotyledonibus
1088 3521 1119 3564 et
1135 3519 1292 3581 erypteee

264 3581 449 3652 tyledonibus
475 3585 611 3657 Agerdbii
640 3591 759 3662 propria
786 3609 847 3648 esse
876 3593 991 3649 dieitur.
1036 3592 1161 3648 Vitellus
1189 3591 1292 3663 igitur

263 3681 328 3718 oum
345 3669 446 3740 vagina
464 3685 523 3722 non
540 3669 576 3723 sit
592 3670 753 3741 plumulae,
777 3691 871 3749 neque
888 3675 918 3730 in
935 3675 1129 3732 eoleorbieant
1146 3675 1291 3734 sentinus

265 3755 359 3802 tractu
383 3760 521 3813 transeat,
553 3769 647 3826 neque
665 3755 792 3822 ejusdem
809 3769 847 3814 art
864 3770 1029 3816 structurae
1045 3771 1132 3834 etque
1150 3759 1219 3826 illa,
1245 3779 1291 3820 ne

268 3845 324 3902 que
342 3829 416 3884 ultra
435 3831 586 3886 evolvatur
604 3839 820 3906 germinationis
843 3851 993 3914 tempore,
1018 3839 1172 3914 cotyledon
1191 3839 1291 3904 babes

265 3909 375 3982 nequit.
410 3917 484 3996 Quas
507 3927 603 3988 partes
626 3929 718 3974 autem
734 3931 798 3995 agat
815 3923 1002 3996 hypeblastus
1020 3925 1050 3980 lu
1068 3925 1230 3996 gratulnum
1252 3929 1290 3986 aa

265 3993 358 4060 mina,
378 3991 458 4052 dictu
474 3993 613 4063 difficile.
632 4001 682 4056 hac
700 4004 856 4080 praecipua
874 4009 1008 4074 ratione,
1027 4005 1104 4084 quod
1122 4007 1159 4062 eit
1177 4007 1227 4064 isti
1249 4019 1290 4068 ou

265 4073 326 4171 slipi
344 4078 499 4152 proprius,
517 4097 609 4157 neque
627 4101 661 4140 er
678 4087 799 4146 transita
816 4087 954 4164 nodam.
982 4095 1084 4150 vetet
1100 4089 1289 4154 sinilitutlin

265 4158 386 4218 esurum
399 4162 525 4238 partium
542 4167 738 4240 explicandus.
