2596 4862
156 289 356 352 Germanas·
405 289 611 352 Emosusus.
643 287 898 355 ‘Saomoeocom
1025 297 1089 364 359

21 485 62 547 tar,
86 468 241 550 nuirdris3
270 467 392 534 valrula
413 468 740 534 lineari-lanceolata
762 477 852 532 acuti
874 471 1016 555 margine
1041 475 1088 537 ei-

21 555 66 616 iata
85 553 232 634 uuinerri3
260 553 411 637 superior
438 553 658 627 auhbivalris,
689 553 816 618 valvula
838 554 1089 634 inferioriflom

21 638 65 700 rulo
84 638 213 700 inferiori
231 637 327 720 paulo
353 636 498 701 breviori
516 637 840 700 lineari-lanceolata
868 641 1013 722 margine
1043 641 1089 702 ci-

21 723 66 784 bata
86 722 162 804 apice
181 721 299 784 minute
322 721 511 800 lucinulata3
539 722 700 804 superiori
723 722 912 784 brevissima
935 724 1090 788 lodiculas

21 807 402 881 sanescetenatruncau,
436 807 485 884 (in
514 807 587 868 aliis
612 805 724 887 nulla.)
765 805 1088 884 Lodiculaehreres,

21 901 145 952 maeatae.
187 892 325 954 Stamina
349 891 429 964 trie,
460 889 602 954 authoris
628 889 736 952 fulvia.
788 891 943 972 Stigmata
969 913 1092 974 purpu·
1126 937 1128 949 .

21 993 59 1034 rea.
90 971 203 1056 Spicula
222 973 319 1036 altera
336 972 546 1054 pertinetem,
576 973 928 1057 hemigamo·masoula
951 977 1004 1038 vel
1022 977 1090 1040 fre·

21 1057 261 1140 perimamus,
289 1056 469 1122 hilinearia.
512 1058 695 1127 Pedicellus
722 1058 926 1140 longitudlne
948 1060 1087 1137 articuli,

21 1141 340 1218 lineari-cuneiiormis,
362 1143 455 1224 apice
473 1142 604 1230 oblique
626 1155 811 1214 truncatus,
834 1157 1019 1238 excavatus,
1043 1145 1089 1204 al·

21 1227 155 1291 tarolatere
173 1246 349 1299 convexas,
381 1227 483 1289 altero
505 1247 561 1288 seu
584 1225 738 1288 interiori
766 1225 943 1298 carinatas,
975 1227 1086 1299 leeris.

21 1307 105 1390 glaber,
124 1309 270 1372 fasciculo
286 1311 425 1392 pilorum
449 1309 573 1395 aliquot
597 1324 779 1373 extrorsum
796 1308 883 1390 juxta
904 1311 995 1370 hasim
1019 1333 1088 1392 apr·

21 1411 82 1474 taque
95 1393 127 1454 ad
140 1393 223 1456 basin
244 1395 388 1476 apiculae
408 1393 566 1456 barbatus.
610 1395 740 1476 Spicula
756 1393 832 1454 duas
855 1393 956 1456 lineas
982 1395 1088 1478 longa.

21 1473 293 1540 lineari-lanceolata.
337 1479 471 1541 Glumae
497 1491 531 1542 et
552 1477 677 1539 lloaculi
701 1491 737 1539 ut
766 1477 800 1538 in
825 1478 947 1558 spicula
969 1479 1087 1551 sessili,

21 1559 236 1642 elangustiores
252 1576 286 1626 et
302 1562 444 1624 salsulae
462 1561 564 1646 magis
584 1561 721 1624 ciliatae.
772 1561 913 1624 Stamina
935 1564 1000 1625 tria
1022 1563 1089 1642 (rel

21 1645 80 1724 ralla)
93 1645 120 1706 iu
132 1643 263 1709 flosculo
279 1647 444 1731 superiori
459 1645 512 1710 rix
531 1667 670 1731 unquam
688 1645 819 1708 birairi.

66 1747 178 1812 Habitat
199 1751 231 1814 in
259 1751 462 1836 marginibus
479 1745 652 1834 sylvarum
668 1773 773 1835 prope
793 1747 939 1813 Almado
958 1763 989 1814 et
1007 1749 1087 1815 Fer-

21 1829 90 1908 atra,
111 1855 198 1918 prou.
212 1833 396 1904 Rubriensis.
441 1831 552 1897 Plorat
578 1831 762 1897 Decembri,
807 1841 858 1914 21..

64 1941 208 2006 Obserr.
233 1947 258 2006 l.
302 1944 329 2006 Δ
347 1941 483 2028 reliquis
497 1943 590 2022 hujus
612 1943 742 2026 generis
768 1943 940 2026 speciebus
961 1947 1090 2008 recedit

21 2019 102 2100 illitu,
131 2027 277 2110 glabritie
304 2028 430 2108 spicae,
459 2026 575 2110 glumis
597 2027 736 2111 integris
757 2047 818 2091 neo
847 2029 939 2110 apice
966 2027 1087 2106 bifidis,

21 2105 87 2170 adoria
110 2111 339 2174 ter-chinthacei
364 2111 504 2172 deiectu.
555 2111 651 2202 Quod
682 2112 723 2173 ad
752 2126 917 2174 externam
944 2114 1088 2195 speciem

21 2193 100 2254 recedit
119 2194 440 2275 Schizachyriia
466 2195 667 2280 maximeque
699 2195 1005 2278 Schizachyrio
1034 2211 1088 2259 te·

21 2293 76 2338 raro
99 2293 220 2354 nostro,
260 2279 318 2342 aed
347 2275 475 2341 flosculi
501 2278 682 2360 superioris
704 2278 737 2339 in
760 2280 881 2360 spicula
899 2281 1006 2342 sessili
1028 2281 1089 2341 alia

21 2371 46 2418 rat
56 2375 187 2426 structura
208 2377 243 2428 et
261 2364 446 2437 deestxseta.
490 2363 591 2446 Igitur
613 2365 717 2424 tlonec
735 2363 827 2442 plura
845 2361 988 2443 ejusdcm
1005 2377 1090 2424 stru-

22 2447 292 2510 turaeiureniantur
309 2447 451 2530 gramina
473 2446 675 2532 doceantque
701 2446 751 2509 rel
782 2467 899 2506 nexum
929 2467 999 2509 cum
1027 2447 1090 2510 alio

22 2545 127 2611 prquam
142 2551 282 2614 genere,
303 2531 355 2595 vel
373 2530 450 2594 nori
469 2531 600 2612 generis
623 2530 862 2606 characterem,
884 2531 1089 2610 Elionuro

22 2615 321 2712 pruritadjunximus⁹
361 2615 414 2678 cui
437 2614 475 2677 ad
504 2615 601 2680 verba
623 2634 698 2677 sane
727 2614 921 2678 characteris
944 2612 1091 2702 geserici

23 2714 125 2762 botenti.

66 2813 222 2882 Obserr.
246 2818 287 2876 ll.
329 2817 365 2876 In
381 2813 528 2896 piurimis
550 2815 653 2876 nostri
674 2814 813 2895 exempli
831 2813 969 2896 spiculis
983 2826 1092 2896 partes

23 2897 222 2964 sacrificationis
248 2899 287 2962 ab
309 2899 434 2960 insecto
454 2899 590 2982 quodam
608 2899 824 2964 minutissimo
842 2899 1024 2964 destructae
1041 2899 1092 2960 in·

23 2981 189 3061 criebantur.
212 2983 337 3049 illaesis
355 2983 485 3047 omnino
502 2981 632 3076 glumis.

306 3191 434 3250 xxxiv.
469 3131 750 3273 sroutoebcou.

99 3323 184 3394 Tria.
214 3285 324 3392 Pana.
359 3327 496 3414 Agrost.
524 3349 560 3412 p.
596 3349 664 3412 soa.
705 3327 772 3392 tub.
813 3325 931 3396 XVII.
967 3325 1093 3392 Sebubt.

94 3409 204 3478 Mam.
226 3409 275 3476 II.
294 3435 329 3497 p.
356 3421 403 3492 ab.
488 3421 492 3430 '

77 3541 191 3616 Char.
231 3559 405 3616 essent.
465 3541 637 3642 Spiculae
679 3541 718 3614 in
751 3539 880 3613 rhachi
916 3541 1093 3636 geminae,

25 3631 139 3731 iborae,
177 3643 438 3740 androgynae:
470 3643 589 3714 altera
617 3639 849 3739 pcdicellata·
902 3637 1015 3734 Calyx
1037 3635 1095 3710 bi·

25 3727 123 3825 tumis,
164 3739 296 3838 glumis
332 3739 521 3814 herbaceis
555 3739 695 3814 villosis
725 3735 890 3810 flosculis
919 3735 1096 3832 longiori·

26 3853 62 3902 ts.
103 3839 293 3912 Floseulus
317 3837 470 3911 inferior
499 3837 681 3910 masculus
688 3885 700 3922 ,
725 3834 898 3921 biralris,
925 3833 1095 3919 muticus,

26 3927 122 4008 alrulis
142 3937 429 4010 membranaceis
453 3938 625 4010 concavis
656 3933 893 4032 aequalibus3
929 3933 1098 4032 superior

26 4033 176 4107 temine'tss
211 4035 712 4132 membranaceo-hyalinus,
746 4031 919 4116 himina,
958 4032 1099 4108 valvula

26 4123 148 4206 clariore
178 4135 283 4236 apice
324 4135 435 4206 bifida
471 4125 572 4204 inter
606 4133 760 4204 lacinias
800 4132 981 4228 setigera,
1021 4147 1100 4204 seta

27 4227 109 4314 utili,
154 4235 341 4332 superiore
384 4233 537 4329 integra.
602 4229 769 4304 Stamina
808 4231 882 4317 tria
919 4226 1096 4303 abortiva.

27 4323 172 4404 caliculae
188 4331 498 4418 membranaceae,
520 4349 720 4404 truncatae.
755 4329 956 4428 Caryopsia
970 4328 1098 4402 libera·
1118 4397 1123 4404 .
