2604 4876
137 295 182 380 ¹2.
222 293 229 314 '
593 291 811 356 Gaaaraeaa.

137 473 227 562 loco
257 455 359 549 anno
389 491 512 562 autem
551 471 798 570 arianorum,
823 473 1032 552 breviorum
1063 475 1286 574 frequentia

138 603 364 700 eoeoeryetie
396 602 628 691 tribuereet
650 595 845 679 communi
878 621 969 706 typo
999 605 1192 707 applicare
1231 606 1284 678 li-

42 769 43 774 *
139 727 315 831 caniet).
380 791 386 823 ι

235 943 402 1020 Adnot
430 943 582 1019 ¹Liceat
611 971 730 1047 pauca
769 940 817 1020 de
850 944 1062 1021 naturali
1098 945 1279 1020 alfini·

140 1063 242 1120 tate
266 1043 616 1118 Graminearum
639 1045 679 1116 in
703 1043 864 1116 medium
887 1043 1076 1144 prolerre,
1166 1045 1294 1118 orum'

63 1172 70 1196 ·
137 1162 282 1219 ‘aemma
297 1142 447 1242 quidem
462 1141 499 1212 in
519 1141 564 1214 iie
577 1143 793 1242 poeitaeaae
810 1143 965 1229 ridetur,
1065 1147 1228 1218 eo-Tu
1239 1171 1278 1212 r·

140 1245 222 1342 pin
245 1241 271 1314 l.
297 1266 330 1314 c.
359 1239 566 1322 Palmamm
593 1258 631 1312 et
655 1241 936 1314 Graminearum
959 1167 1278 1346 inllnmmenoam

140 1337 400 1441 componendo
421 1337 561 1434 optime
582 1339 761 1438 exposuit.
820 1339 993 1440 Quisquis
1016 1341 1153 1412 etenim
1177 1341 1276 1412 Gra·

140 1441 291 1512 minum
309 1453 346 1508 et
361 1435 572 1508 animarem
593 1435 733 1508 formae
759 1437 798 1508 in
825 1437 1052 1526 universum,
1092 1437 1273 1524 radicem,

140 1537 317 1637 stipitem,
342 1533 568 1606 foliorumet
585 1533 799 1608 soliolornm
811 1533 851 1607 in
861 1537 1130 1635 posterioribus
1152 1554 1274 1609 textu·

14 1675 16 1680 ·
138 1661 221 1708 ram
252 1650 291 1706 et
329 1632 729 1732 circumscriptidnem,
769 1651 847 1706 tum
876 1633 1030 1708 maxime
1057 1636 1277 1734 spathaxum

138 1730 461 1833 et'epathellarum
482 1748 643 1804 mutuam
662 1729 899 1822 relationem,
942 1731 1051 1830 quid,
1093 1732 1271 1830 germinis

100 1843 106 1850 “
140 1833 252 1906 etiam
273 1849 403 1930 typtun
429 1845 467 1900 et
492 1829 644 1901 seminis
669 1827 940 1906 fabricemrite
964 1831 1089 1905 animo
1112 1856 1275 1932 perpen-

172 2177 201 2244 “)
218 2168 445 2249 adoptavimua,
463 2171 593 2250 quodam
610 2175 851 2232 indoreaeantiarn
867 2173 989 2242 attinet,
1006 2189 1185 2230 communem
1198 2175 1273 2230 hane

238 2255 377 2332 loquendi
394 2259 547 2320 rationem,
567 2261 679 2314 tametsi
696 2259 787 2314 multo
797 2259 1010 2334 praeatantiorn
1025 2259 1104 2317 elada
1116 2257 1187 2313 liaeo
1202 2257 1271 2312 edo-

239 2341 335 2396 euerit
351 2341 503 2396 Trinius
521 2341 621 2396 notter
638 2343 668 2396 in
685 2342 778 2408 libro,
809 2359 895 2416 quem
913 2339 949 2394 de
968 2339 1153 2396 Graminibus
1169 2339 1271 2394 unino-

238 2423 282 2478 ria
302 2434 332 2480 et
349 2423 526 2498 aeaquissoria
546 2425 715 2498 inscriptum
733 2443 829 2498 nuper
847 2421 948 2479 edidit.
989 2425 1067 2480 Talia
1085 2435 1180 2479 autem
1201 2425 1273 2480 haee

152 2499 156 2508 ’
240 2517 284 2564 oet
303 2505 532 2563 inflorescentiee
553 2507 713 2582 graminum
734 2526 810 2562 nova
829 2507 991 2580 expetitio,
1021 2500 1055 2563 'at
1073 2508 1182 2582 singula
1200 2509 1272 2575 ejua,

240 2608 315 2664 quaa
331 2588 361 2646 in
377 2607 409 2645 ea
428 2589 643 2664 distinguuntur
660 2605 766 2665 genera
783 2607 846 2644 eum
864 2589 991 2646 omnium
1008 2590 1185 2666 reliquarum
1204 2607 1270 2661 par·

238 2675 329 2739 tium,
357 2675 529 2746 praesertim
545 2691 608 2728 cum
624 2673 799 2747 apicularum
815 2671 925 2739 l'nbripa
938 2671 1096 2744 penitiori,
1122 2673 1223 2726 mirum
1240 2671 1270 2724 in

240 2757 356 2812 modum
373 2756 555 2812 consentiant
573 2767 602 2811 et
621 2757 741 2812 multum
759 2755 909 2810 conserent
927 2753 963 2808 ad
983 2773 1089 2828 genera
1107 2754 1269 2811 Gramine:-

242 2857 307 2896 rum
326 2841 356 2894 in
376 2841 515 2896 Triniana
540 2839 676 2894 methodo
697 2837 909 2896 eonatituenda.
954 2841 1177 2913 Diatinguuutur
1196 2855 1268 2910 aep-

241 2933 310 2978 tem
329 2921 632 2978 modificationee
650 2921 964 2978 infloreaeentiae
982 2920 1157 2995 graminum,
1174 2921 1270 2996 prin·

242 3004 384 3080 eipalea
402 3004 438 3058 ab
457 3004 507 3058 illo
526 3006 672 3077 erriptora
689 3005 869 3079 appellatae,
892 3021 966 3078 quae
983 3017 1065 3060 aunt:

308 3095 338 3148 10
354 3087 462 3159 Spica
480 3097 508 3142 et
526 3087 644 3160 Spionia
666 3087 704 3150 (i.
724 3105 751 3142 e.
771 3089 849 3160 apiae
866 3089 997 3161 partiaiia
1014 3085 1113 3162 apieaa
1130 3085 1269 3160 composi·

242 3181 306 3236 lae,
324 3187 389 3226 nam
402 3187 475 3245 quaa
490 3170 575 3226 nebia
590 3168 770 3244 apiculae,
795 3169 963 3226 loeuatae
981 3171 1102 3226 audiunt
1120 3171 1269 3236 Trinio)

168 3249 171 3256 ’
242 3253 371 3328 apiculae
389 3255 531 3318 (terrane
545 3253 642 3320 Tria.)
666 3253 696 3308 in
718 3253 843 3308 rnaehl
861 3253 1014 3310 articulata
1031 3253 1161 3320 aeaailea,
1173 3253 1267 3308 ‘aller-

156 3407 160 3416 Ι
242 3353 309 3404 nae,
325 3335 476 3393 baaibua
494 3335 741 3393 articulorum
758 3337 924 3404 innatae,
941 3339 1070 3394 rlrarlri
1088 3336 1184 3414 itaqua
1201 3336 1265 3392 aab

242 3421 322 3496 ipae
339 3420 485 3494 apicula
502 3419 637 3488 aolublli,
655 3435 685 3474 v.
700 3435 727 3473 e.
742 3419 772 3474 in
788 3417 968 3493 Ophiuro.

305 3510 337 3564 2⁰
354 3499 554 3559 Cadueeua.
600 3501 735 3576 Spioniae
757 3503 788 3558 in
808 3503 852 3557 axi
873 3503 1026 3560 articulato
1044 3503 1093 3560 vel
1111 3499 1268 3559 tubat-tien·

242 3587 303 3644 iato
319 3587 483 3644 alternatim
497 3586 611 3643 aaeallea
624 3585 671 3640 vel
685 3573 769 3640 bre'vi
779 3583 998 3658 ·padieellatae.
1017 3589 1081 3654 axi,
1098 3585 1148 3642 ubi
1163 3585 1268 3640 aolnoi-

242 3673 279 3727 lia
295 3683 353 3756 eat,
378 3687 486 3744 aupra
509 3669 689 3744 apiculam
713 3667 829 3724 articuli
847 3671 987 3748 cuiusque
1005 3669 1100 3744 fragili
1107 3689 1117 3740 3
1148 3688 1177 3724 v.
1193 3687 1216 3724 r.
1240 3668 1268 3723 in

242 3756 439 3828 Aegilope.

310 3845 341 3898 3⁰
357 3836 547 3894 Panieular
573 3835 645 3892 axia
664 3834 778 3890 inierna
793 3837 894 3892 saltem
910 3837 1086 3910 regulariter
1101 3835 1264 3890 articulatae

246 3919 296 3975 vel
317 3921 554 3986 aubertieulatua,
588 3936 605 3975 a
622 3921 725 3994 quovit
742 3920 875 3992 genicula
897 3920 1029 3974 emittent
1050 3935 1145 3974 namot
1164 3915 1266 3980 (redint

248 4005 316 4072 Tr.)
332 4005 479 4078 longiores
494 4005 686 4061 brevioraave
701 4003 872 4080 plerumque
884 4018 942 4060 uno
959 4001 1058 4078 plures
1072 4001 1266 4059 remirerticll·

246 4089 321 4144 laloa
335 4087 381 4143 val
396 4087 601 4148 varroniana,
625 4087 735 4142 nodulo
747 4087 871 4156 junctoa.

311 4175 343 4238 6⁰
376 4169 473 4228 lube·
511 4169 595 4228 Axia
628 4169 798 4236 ooatinuua,
838 4186 894 4244 per
921 4167 1071 4226 diata'ntiaa
1099 4165 1269 4242 irregulares

247 4271 363 4310 ramea
381 4251 507 4322 (radios)
531 4253 712 4310 dietantea
735 4271 852 4328 aparaoa
872 4253 939 4328 plue
960 4253 1054 4310 minua
1077 4251 1267 4326 elongatos

247 4339 419 4413 plerumque
437 4336 583 4396 tolitarioa
597 4343 740 4394 emittent.
816 4379 821 4396 .

312 4429 345 4483 ⁵⁰
360 4423 520 4494 Thyreae
536 4431 580 4483 att
593 4419 663 4490 laba
679 4417 811 4494 adeoque
827 4421 971 4480 eonlartla
985 4430 1016 4478 et
1029 4417 1170 4478 brevibus
1182 4433 1267 4474 ramu-
