2604 4876
468 315 697 380 Gnsnsnsx..
715 303 719 317 ⁹
1112 295 1154 388 ’0

18 491 130 568 lonis
159 493 262 568 loco
289 491 467 592 raginula
500 494 650 584 eonies,
689 495 853 596 intem,
885 495 1027 586 mauis,
1061 490 1154 595 (Go-

18 618 188 725 leoptilis),
219 651 248 696 a
270 623 377 697 loliis
398 623 697 724 primordialibus
717 625 925 702 convolutis
942 653 1027 702 mox
1042 627 1154 728 apios
1217 670 1222 686 ·

19 761 154 858 disrupta
171 774 217 830 et
234 753 409 854 denique
423 778 645 830 evanescens
658 753 710 852 *).
760 739 993 850 Radioul'a
1010 780 1150 850 orasse,

20 889 130 976 obtusa,
152 887 399 987 plerumque
418 883 567 974 triloba,
592 885 738 975 elobis,
765 883 1007 982 (radiculodis
1023 877 1153 986 Rich.)

23 1019 178 1092 radiculas
208 1017 438 1104 fililormes,
477 1013 648 1114 raginam
672 997 917 1093 redioularern
942 1014 1153 1112 (solearii-

30 1147 99 1246 an)
122 1145 405 1250 perforantes,
431 1145 706 1242 geminationis
732 1165 898 1246 tempore
921 1145 1102 1222 emittens.

90 1280 262 1354 Plantae
297 1276 493 1350 maximam
525 1293 669 1374 partem
691 1277 851 1350 humiles
876 1293 915 1350 et
936 1276 1152 1368 herbaceae,

32 1437 135 1486 sume
161 1409 232 1486 rel
263 1407 469 1506 perennes,
494 1429 604 1505 saepe
630 1407 884 1507 caespitum,
922 1407 1042 1480 rarius
1067 1407 1154 1482 sub·

28 1543 181 1636 lignosas,
241 1537 495 1615 frutescantss
527 1535 586 1614 rel
622 1535 971 1622 subarboresoantes
1003 1537 1153 1642 alteque

27 1673 93 1744 nter
113 1669 289 1762 frutices
316 1682 561 1763 sstsurgentes.¹
626 1665 808 1740 Caudex
839 1667 1153 1742 intermedius

29 1801 202 1899 (rhimma)
235 1797 303 1876 rel
326 1795 558 1870 abbreviatus
581 1810 623 1869 st
646 1793 686 1868 in
705 1795 818 1870 libras
844 1795 1005 1886 solutus,
1019 1795 1154 1890 ¹(radix

29 1933 175 2030 ihmsa),
204 1931 276 2010 rel
301 1951 436 2028 repens
461 1923 702 2024 stolonesqua
726 1951 771 2000 ex
795 1927 959 2002 artienlis
983 1927 1177 2004 resima..

30 2081 69 2134 tes
106 2064 346 2164 progignens
388 2055 544 2152 (radix
576 2050 785 2156 repens.)
848 2057 970 2134 Culmi
996 2058 1155 2136 listtslosi

33 2195 200 2268 telesiam
227 2179 371 2276 solidi,
397 2185 586 2286 simplices
608 2185 667 2260 rel
691 2187 838 2276 ramosi,
863 2187 1060 2276 articulati,
1085 2215 1156 2264 no·

38 2325 77 2396 dis
94 2319 347 2398 annularibus
374 2317 633 2403 solidioribus,
675 2340 786 2418 saepe
815 2317 964 2392 tumidis
991 2335 1029 2392 et
1051 2319 1156 2394 eolo·
1184 2339 1189 2356 ·

39 2457 114 2528 mm.
161 2456 354 2530 Gemmas
375 2444 431 2542 (in
450 2440 623 2543 ramosis)
642 2445 831 2536 axillares,
857 2447 978 2520 nudae
984 2499 996 2549 ,
1022 2416 1155 2524 loliolo

42 2586 184 2680 pinario
223 2583 375 2656 dorso
417 2601 484 2650 suo
526 2577 687 2650 oulnrum
723 2595 926 2676 spectante.
995 2578 1102 2650 Folia
1134 2603 1156 2650 a

47 2695 179 2805 pusulo
208 2736 284 2786 seu
311 2707 411 2780 nodo
432 2705 608 2795 oriunda,
635 2705 987 2792 disticho-alterna,
1014 2706 1158 2810 singula

54 2845 139 2936 petati
163 2844 262 2919 loco
288 2837 459 2938 praedita
482 2836 650 2932 vagina
676 2833 895 2924 convoluta,
939 2835 1157 2938 plerumque

67 3095 152 3158 'lien
167 3100 298 3156 errant,
322 3086 370 3162 qui
389 3083 585 3142 tenuissimum
604 3085 660 3140 hoe
673 3095 787 3158 tegmen
804 3085 994 3158 primordiale
1010 3087 1158 3162 plumulae
1239 3099 1242 3106 ’

113 3181 252 3251 vaginam
266 3171 431 3244 appellant,
454 3185 508 3226 neo
523 3165 739 3239 cotyledouem,
768 3180 811 3224 set
829 3171 935 3226 etenim
953 3187 1022 3225 vers
1042 3171 1159 3244 regins,
1207 3165 1210 3174 ’

115 3260 303 3329 redintegra
319 3271 368 3320 ea,
401 3251 536 3308 tabuisse
556 3261 642 3325 atque
661 3251 790 3325 spbylls,
802 3253 913 3326 ¹spualte
932 3263 961 3312 et
977 3255 1078 3328 plures
1094 3271 1158 3310 eam
1244 3233 1256 3264 ⁸

117 3351 300 3422 sequnnmr,
324 3353 358 3392 ex
376 3336 439 3404 ejus
453 3335 517 3390 sinu
534 3333 661 3408 denique
681 3346 867 3408 exsurgentes
885 3347 972 3411 etque
987 3355 1017 3392 se
1034 3324 1180 3393 invicem¹

115 3437 268 3498 tegentem
295 3415 372 3474 baud
386 3415 552 3492 spernendo
568 3415 694 3484 indicio,
722 3415 873 3472 inferioris
886 3419 936 3474 bae
951 3437 1013 3474 esse
1031 3417 1155 3487 ordinis,

117 3491 320 3564 rebulosas
339 3501 466 3567 seilicet,
484 3501 584 3574 quales
599 3499 630 3555 in
645 3500 852 3571 Gramineis
869 3502 1032 3568 rarissime,
1051 3493 1161 3574 in'Cy·
1194 3539 1197 3548 ·

119 3589 274 3668 peracri
284 3605 312 3654 s,
340 3603 415 3660 quae
431 3585 523 3640 minus
539 3581 675 3638 evolutae
692 3583 808 3657 plantae
821 3581 892 3638 mibi
907 3582 1055 3652 ridentur,
1075 3602 1159 3642 sem.

118 3691 186 3748 per
202 3679 375 3728 manunt.

185 3759 321 3836 Quorum
336 3747 535 3810 sententiani
551 3748 734 3816 assentiaris,
760 3748 929 3806 Graminess
947 3750 1159 3820 scotyledo·

120 3857 206 3896 nese
227 3830 350 3892 diaeres'
361 3835 473 3910 plantas
489 3824 671 3900 vsse'uleree,
689 3831 819 3906 plumula
836 3829 913 3886 nuda
931 3833 1089 3906 praeditas,
1110 3855 1158 3891 vs·
1207 3857 1210 3865 ¹

123 3925 198 3998 ginis
213 3917 456 3995 primordialibus
468 3915 621 3991 pluribus,
646 3915 683 3971 ab
697 3915 785 3970 initio
797 3913 881 3986 spice
896 3915 1021 3983 elausit,
1051 3912 1161 3988 cotyla.

123 4007 210 4066 donis
232 4001 339 4078 integri
361 4002 440 4058 vises
459 4000 641 4076 gerentibus.
691 4001 765 4054 Tum
785 4013 858 4052 vero
881 3998 1068 4072 hypoblastus
1092 4019 1162 4076 pars

125 4071 266 4163 quiedam
286 4084 419 4142 babendo
440 4093 483 4139 est
506 4080 675 4153 cotyledon't
692 4079 828 4152 analoga,
860 4083 1010 4155 magisque
1031 4075 1068 4142 ad
1088 4084 1161 4139 inte.

124 4172 208 4228 riora
223 4169 339 4227 seminis
356 4185 440 4244 quam
457 4163 494 4222 ad
509 4175 657 4222 artemam
671 4162 784 4220 eorouli
798 4157 996 4220 evolutionem
1014 4178 1164 4237 opertanea

126 4253 206 4332 quod
220 4252 335 4327 quidem
351 4269 410 4307 uon
420 4250 493 4304 m'ale
507 4249 643 4323 oongruit
655 4263 719 4302 oum
732 4256 835 4301 natura
847 4246 953 4314 eulml,
971 4247 1056 4304 nodis
1071 4251 1165 4322 pluri-

56 4323 61 4334 ’
127 4337 180 4392 mis
200 4333 327 4392 distincti
346 4343 376 4392 et
394 4331 476 4408 quasi
495 4346 530 4387 ex
552 4329 685 4388 articulis
701 4326 837 4406 singulis,
871 4328 995 4404 propria
1016 4329 1076 4385 sita
1096 4349 1165 4404 gau.

130 4419 282 4488 dontibus,
305 4416 472 4492 eompositi.
