2652 4852
203 218 268 288 m
366 307 369 314 .

97 469 99 476 y
204 395 287 458 Tota
308 393 411 458 refert
430 389 572 456 eandm
592 380 683 458 aives
702 389 789 456 basis
808 393 928 478 ampla;
949 392 1108 478 nigrare!

204 500 351 565 Summus
379 519 477 583 apex;
508 497 613 562 medio
644 499 793 562 variamur
820 519 959 583 corpore
986 520 1138 574 massam,

206 607 367 690 Mixtaque
395 603 556 668 subluseis
590 605 671 666 male
705 603 838 668 eandida
864 604 1013 668 sarabara
1045 625 1172 672 cernes.

114 719 122 736 ⁸
205 714 278 777 Non
299 710 467 795 equidem,
489 731 554 772 non
573 710 632 772 iata
654 709 748 772 simul
768 708 950 784 miscenda,
972 711 1103 796 locique

205 794 373 881 Insolandu
394 816 454 878 tibi
474 816 561 878 nullo
584 814 787 894 discrimine,
808 829 915 899 partes

204 924 247 988 At
267 915 378 986 saltem
399 921 432 982 in
454 922 594 1005 geminas
617 941 654 982 ea
674 920 801 983 divides
825 922 973 985 sacebara
994 919 1076 984 linea

203 1030 286 1094 Alba
310 1049 403 1103 suos,
433 1027 582 1112 proprias
611 1025 746 1089 habeant
766 1046 830 1088 non
852 1027 985 1090 candida
1005 1027 1113 1090 sedes.

190 1135 311 1216 „liinffi
332 1134 421 1198 velut
441 1133 558 1197 areolis
579 1132 765 1195 describere
787 1131 913 1197 villicus
931 1133 1060 1196 bortum

206 1244 330 1305 Doctus
351 1252 450 1314 amat,
480 1252 634 1322 tensaque
665 1237 730 1298 vias
759 1236 956 1320 distinguere
976 1239 1079 1315 buxo,

209 1348 264 1412 Sie
287 1345 421 1408 tabulata
442 1343 549 1428 prius,
570 1355 637 1405 rata
658 1363 718 1426 per
739 1342 940 1420 discrimina,
970 1346 1101 1430 quadris

211 1452 436 1536 Descripsisae
449 1449 558 1532 juvat,
581 1447 770 1532 diversaque
792 1447 940 1512 sarabara
961 1452 1060 1514 certis

172 1611 177 1624 s
205 1560 334 1622 Po'nere
355 1576 498 1642 quaeque
519 1554 610 1618 loeis.
651 1555 725 1618 Hue
745 1554 844 1618 indita
864 1555 965 1617 lruata
984 1549 1131 1620 minutim

204 1665 358 1738 Caedite,
380 1675 441 1726 nee
461 1661 569 1746 pigeat
589 1660 719 1722 rastello
741 1659 911 1734 evolvere,
934 1675 967 1723 et
985 1681 1112 1725 omnem

205 1770 296 1862 Quae
317 1769 473 1853 prodesse
495 1768 592 1840 solet,
616 1764 771 1829 siccandis
794 1763 912 1830 addere
934 1789 1051 1832 euram.

205 1879 275 1940 Nee
296 1896 385 1938 mora
405 1876 518 1956 longas
542 1871 609 1946 die,
633 1890 696 1954 quo
717 1871 850 1934 frustula
872 1874 935 1934 rite
956 1891 1128 1957 raperent.

204 1983 299 2045 Haud
321 2001 401 2062 opus
422 1991 472 2040 eat
491 1975 613 2050 solido,
637 1977 762 2059 quoties
784 1977 908 2040 'l'itania
927 1980 1048 2064 lampas

207 2088 348 2150 Illustrat
367 2106 450 2168 puro
470 2082 628 2165 subjadtas
648 2081 770 2144 lumine
791 2097 903 2146 terras.

290 2191 405 2255 Omnia
426 2210 496 2253 cum
518 2189 663 2272 penitut,
686 2187 833 2272 disperso
854 2188 1006 2265 humore,
1028 2189 1186 2270 rigescunt

114 2342 125 2352 „
205 2297 381 2371 sarabara,
402 2309 597 2380 postremum
619 2314 785 2357 vernarum
807 2295 881 2356 tuba
900 2294 1042 2358 laborem

205 2403 408 2485 Expediunt:
432 2421 505 2483 para
526 2380 628 2462 frusta
648 2401 744 2484 legit:
766 2421 841 2483 pare
862 2422 936 2462 vase
958 2417 1121 2486 reportat,

205 2507 368 2570 Ponderat
388 2521 421 2570 et
437 2506 540 2569 librat
563 2506 667 2588 longis
687 2528 762 2589 pars
782 2507 881 2569 altera
904 2506 993 2570 cistis

207 2615 341 2688 Condit,
373 2626 405 2674 et
434 2613 555 2674 alterne
587 2613 745 2694 geminato
774 2612 925 2675 verberat
951 2614 1032 2688 ictu,

206 2717 559 2804 Piatillisque-premit‚
582 2717 686 2781 donee
707 2739 783 2781 aava
802 2719 920 2782 robora
942 2719 1069 2783 tandem

201 2827 358 2909 Rapiat,
380 2837 412 2886 et
433 2823 548 2886 validis
570 2820 678 2906 alligat
699 2825 849 2906 opercula
870 2825 976 2888 clavis.

203 2934 338 2995 Ultimus
358 2930 412 2994 hie
431 2929 537 2992 labora
560 2909 621 2992 boe
642 2931 751 3012 plures
771 2942 937 2992 serrantur
958 2930 992 2990 in
1012 2951 1113 2996 annos

205 3037 384 3109 sarabara,
405 3055 466 3098 nee
489 3049 606 3100 tanturn
628 3035 739 3117 patriis
761 3037 951 3100 commemia
971 3039 1069 3101 trinis
1171 3071 1175 3082 ·

202 3143 407 3225 Deliciasque
429 3153 555 3223 parant,
578 3159 687 3204 verum
709 3154 741 3204 et
761 3155 848 3204 trans
870 3161 1008 3226 aequora
1030 3165 1149 3208 summo

203 3251 379 3316 Vectantur
399 3246 528 3329 pretio,
549 3246 734 3330 magnisque
757 3246 891 3329 imposta
912 3249 1030 3313 earinis
1304 3325 1305 3328 Ἴ

204 3360 307 3420 Trans
329 3353 453 3416 Abilam
474 3364 507 3414 et
526 3352 662 3435 Calpen,
682 3351 867 3436 gelidasque
887 3353 1035 3418 feruutur
1055 3355 1094 3418 ad
1115 3357 1222 3418 anus
1304 3393 1305 3396 =

206 3464 313 3556 Quare·
334 3460 430 3533 baec,
460 3459 614 3520 Blasiliae
636 3479 727 3541 quam
748 3457 867 3522 donant
885 3461 1034 3536 nomine,
1061 3461 1152 3525 tellus

203 3571 277 3634 Non
299 3565 398 3650 magis
419 3587 436 3626 a
457 3564 584 3647 populis
603 3563 747 3626 laudatur
766 3565 884 3649 ubique
905 3567 1059 3642 remotis,

205 3676 308 3760 Ligna
329 3669 416 3758 quod
436 3669 549 3731 eximia
572 3669 708 3744 enutrit,
744 3671 886 3753 pretiosa
906 3673 992 3756 quod
1015 3671 1088 3736 uus

204 3783 347 3844 Balsama
364 3773 531 3860 profundit
552 3774 666 3857 sylvis,
689 3775 775 3858 quod
796 3777 883 3840 foeta
904 3779 1058 3854 metallis,

206 3889 471 3966 Gemmarumque
493 3879 599 3954 ferax,
623 3879 801 3944 adamantes
823 3883 926 3966 gignit
947 3897 979 3946 et
1001 3903 1127 3956 eumn,

203 3993 306 4093 Quam
325 3987 410 4074 quod
427 3986 604 4050 sacebareis
627 4000 740 4049 oneret
761 3987 907 4052 convitia
935 3988 1047 4064 donis,

200 4095 448 4180 Ambrosiisque
476 4092 579 4176 epulis
601 4105 768 4176 utrumque
792 4092 939 4160 beaverit
963 4095 1085 4160 orbem.

620 4281 921 4312 *¹¹*-
