2604 4876
171 276 225 342 ,20
322 281 329 290 ’
478 267 744 339 ,Gnsnsnsn
786 267 965 332 Passurus.
1064 329 1068 341 ,

183 461 247 514 stat
264 449 383 536 glamio
398 431 519 512 duabus
536 447 724 536 aequalibus
739 461 837 534 atque
850 445 988 528 flosculo
999 441 1176 520 solitari03
1200 451 1290 502 rest

183 535 287 599 adbuc
299 533 461 598 lodiculsa
478 545 645 598 truncatae
656 555 674 613 ς,
688 531 930 598 inflorescentia
947 531 1067 594 sensim
1083 529 1118 592 in
1132 519 1290 612 panicul

184 619 384 683 dissolvitur.
402 651 445 666 ·-
495 615 713 683 Perficiuntur
734 618 895 681 lodiculae
919 617 1115 716 integroque
1137 623 1178 675 et
1208 611 1290 708 obst

185 704 279 789 spice
294 714 485 776 cernuntur,
523 703 648 766 accedit
671 723 772 786 saepe.
787 704 883 765 arista
905 715 939 764 et
952 697 1193 785 in'panscnlsns
1219 693 1290 756 dist

69 845 72 860 ,
186 787 331 852 bunntnr
349 786 511 869 spiculaes
539 785 640 849 babes
654 786 820 850 atilium.

270 871 410 936 Adnot.
435 873 476 934 lL
529 869 625 1017 pund
652 869 692 936 sd
716 869 983 936 distributionem
1012 865 1205 953 specierum
1234 861 1290 924 hu

187 942 317 1042 gadaris
334 955 368 1017 ia
384 953 463 1018 duas
477 954 540 1038 pha
553 975 650 1041 anges
665 955 799 1030 attinet,
822 975 956 1039 quarum
974 953 1074 1016 alters
1090 946 1235 1035 spiculis
1254 965 1290 1010 ss

80 1040 83 1049 '
187 1041 299 1118 teriia,
328 1061 387 1102 seu
403 1038 567 1116 distichis,
598 1038 754 1125 gaudeat,
783 1037 882 1102 altera
901 1034 1007 1101 autem
1025 1034 1163 1122 spiculis
1182 1031 1290 1120 gemit

188 1143 249 1187 scu
270 1123 487 1199 tetrasticbis,
524 1123 576 1201 id,
607 1143 672 1210 qno
701 1123 806 1184 minus
833 1121 1171 1194 istamretineamus,
1207 1116 1290 1179 obst

150 1253 156 1272 t
190 1208 278 1294 qued
305 1208 339 1270 in
363 1205 544 1284 nonnullis,
584 1227 615 1271 v.
642 1226 690 1292 gr.
714 1207 748 1270 in
774 1205 951 1290 Paspalo
977 1199 1290 1268 liumboldtisn

189 1295 228 1356 P.
249 1289 600 1376 blepharopboro
629 1290 797 1370 (niufara
828 1309 916 1374 spec.
936 1287 1012 1370 25),
1053 1309 1115 1372 pro
1145 1283 1257 1372 gradu
1288 1303 1290 1320 ⁴

190 1378 281 1461 goris
299 1378 350 1439 vel
366 1375 532 1438 solitariae
548 1374 742 1457 proveniant
762 1374 925 1458 apiculae,
963 1373 1016 1438 rel
1035 1374 1131 1437 etism
1157 1369 1290 1456 gemina

77 1501 79 1507 ι
188 1473 224 1522 ut
251 1474 413 1523 taceamus
440 1457 589 1522 ordinem
614 1460 798 1522 naturalem
816 1461 878 1524 hcc
902 1460 998 1524 modo
1024 1457 1163 1520 maxime
1185 1452 1290 1516 laesut

191 1544 298 1606 Aliam
319 1545 430 1630 itaque
447 1545 659 1630 proponimus
676 1541 946 1628 dispositionem,
973 1541 1225 1606 Punicorum
1255 1555 1290 1600 se

188 1629 297 1691 mones
313 1627 423 1703 (conl.
437 1626 540 1690 inira:
563 1647 637 1710 gen.
654 1629 726 1693 Vll.
748 1629 992 1710 Panicum),
1039 1624 1123 1690 acad
1140 1625 1203 1688 lsae
1220 1621 1290 1686 istu

188 1712 222 1774 in
240 1713 346 1775 locum
361 1711 496 1786 cadunt,
518 1711 717 1790 imitantem,
747 1733 828 1798 quas
844 1649 1074 1796 comparandas
1092 1730 1153 1772 suo
1169 1709 1246 1771 loco
1268 1727 1290 1766 a,

187 1797 341 1858 feremus.
391 1800 573 1859 Memor-atu
591 1809 698 1858 autem
716 1795 849 1881 dignum
868 1797 1014 1873 uidetur,
1046 1795 1081 1856 in
1099 1815 1138 1857 es
1158 1792 1290 1855 section

188 1901 272 1964 quae
295 1880 542 1942 Punicorum
564 1879 931 1964 paspsloidsornm
958 1879 1098 1944 sectioni
1127 1875 1290 1958 responde

188 1964 342 2044 plurimas
379 1980 509 2047 quoque
545 1963 819 2048 Paspalornm
859 1965 1003 2050 reperiri
1040 1961 1186 2046 species,
1237 1981 1290 2044 qut

115 2065 117 2070 ’
187 2049 343 2130 genuinas
359 2047 573 2132 omnibusque
588 2049 676 2111 notis
694 2050 760 2110 suis
776 2049 921 2135 insignes
938 2060 1091 2121 vocares,
1114 2046 1231 2108 deesse
1250 2044 1290 2106 vit

187 2144 334 2214 gaiorum
362 2143 396 2192 et
420 2129 598 2194 effusorum
624 2133 923 2214 (paniculatorum)
949 2127 1092 2206 similes,
1140 2141 1290 2190 monstrat

186 2215 278 2298 quasi
301 2216 487 2280 Setarias
509 2227 542 2278 et
564 2215 892 2294 Echinocbloas,
915 2237 1048 2302 quarum
1071 2209 1290 2291 infloresoentl

184 2299 287 2384 magis
316 2298 521 2362 contrahitur
547 2299 582 2362 in
610 2301 795 2381 specierum
816 2303 1015 2387 quarundam
1037 2299 1158 2372 forma,
1196 2297 1290 2358 areli

187 2383 261 2468 quis
279 2383 428 2466 Psspalis
448 2383 520 2464 jam'
532 2383 661 2467 longius
682 2383 864 2448 aberrante.

199 2503 206 2520 κ
269 2467 471 2532 Animada.
515 2469 551 2528 ln
573 2465 868 2555 descriptionibus,
907 2487 948 2530 ne
966 2487 1049 2531 nove
1072 2463 1290 2529 nomenclator

184 2551 364 2614 lecton'bus
381 2553 524 2614 taedium
549 2553 687 2630 excitet,
725 2575 742 2616 a
762 2555 871 2637 prisco
888 2551 1044 2638 loquendi
1063 2571 1154 2613 more
1172 2569 1231 2610 non
1253 2547 1290 2608 de

182 2633 350 2712 fleximuss
373 2637 516 2718 calycem
533 2634 698 2722 biglamen
715 2637 924 2721 appellando,
947 2635 1081 2784 ejurare
1102 2635 1230 2719 glumam
1250 2649 1290 2692 ve

183 2738 267 2782 ram:
288 2720 536 2786 inferiorem
545 2740 609 2798 3-
637 2722 772 2784 alteram
789 2743 885 2796 vero,
917 2741 999 2806 quae
1043 2719 1144 2782 osculi
1162 2715 1290 2778 neutriut

182 2801 306 2866 vulvula
323 2816 390 2866 est:
420 2805 590 2888 glumam
612 2807 887 2888 superiorem.
930 2803 994 2868 Ubi
1016 2801 1180 2890 pedioelli,
1201 2793 1290 2886 quoat'

184 2886 379 2968 spicularum
399 2887 636 2972 longitudinem
656 2891 732 2955 satis
750 2892 955 2974 prominent,
995 2905 1197 2951 racemum
1221 2882 1290 2945 diri

183 2987 253 3028 mus
270 2967 568 3052 indurescentiam3
608 2975 768 3056 spicam
787 2995 886 3050 vero,
921 2972 978 3034 ubi
999 2971 1151 3056 pedicelli
1172 2968 1219 3032 tel
1237 2987 1290 3028 om<

182 3052 262 3114 nino
287 3053 405 3118 desunt
431 3055 482 3117 vel
507 3055 549 3118 ob
575 3055 763 3136 minutiem,
798 3079 871 3124 cum
891 3055 1014 3144 spicula
1042 3077 1097 3120 sus
1122 3049 1290 3138 comparati,

181 3155 364 3205 mensnram
383 3138 437 3202 vix
456 3137 636 3202 admittant.
1289 3161 1290 3172 ¹

443 3364 608 3424 steilo
637 3371 660 3425 l.
711 3369 1044 3428 ntotrsnlats.

558 3459 720 3538 (srscusns
750 3461 930 3544 saumas.)

277 3593 450 3692 Spiculae
481 3598 711 3689 inversae,
762 3601 944 3700 oblongae
980 3596 1037 3674 rel
1066 3593 1286 3676 laraocolatar,

180 3685 388 3764 distinctius
410 3697 643 3786 mendosae,
677 3699 826 3796 glabrae
850 3703 907 3776 vel
936 3697 1148 3772 tenuissime
1166 3691 1287 3792 pubes·

179 3803 325 3871 cantos,
375 3791 431 3864 rel
460 3793 604 3892 longius
639 3799 804 3886 ciliniae,
847 3797 965 3874 rarius
992 3792 1221 3896 pcdiccllatac
1253 3805 1286 3860 et

178 3883 375 4074 ppltpgppleipl
388 3890 814 4080 Ρὲετῖιιιιιιὲυιᾱ(ῗῐῗιΙίῑᾶπὶιιθ1
826 3896 995 3981 cresilas,
1020 3893 1133 4063 laltphre
1151 3888 1282 4058 postico

377 4011 399 4054 0
484 4013 529 4060 au
588 4019 609 4066 a
930 4021 988 4066 x.
1112 4015 1151 4062 ac
1175 4013 1202 4060 rs
1224 4013 1281 4058 an·

205 4097 302 4192 Usta,
329 4082 377 4154 ad
399 4085 543 4184 apicem
562 4019 1006 4191 ssodgpmamcpffiipis
1024 4085 1203 4188 Digitariia
1223 4083 1280 4154 ba·

202 4193 254 4248 stu
274 4179 534 4272 accedentes.)
583 4190 738 4263 Glumaa
760 4217 871 4294 saepe
893 4192 1116 4267 virescentes
1137 4183 1185 4260 rel
1204 4207 1281 4282 pur·

172 4293 429 4372 purascentcs,
486 4299 525 4355 et
552 4285 602 4359 ob
631 4314 762 4366 nerroa
795 4291 852 4365 rel
880 4288 1006 4390 pluras
1039 4284 1097 4362 rel
1129 4281 1278 4358 leniores

171 4373 288 4472 magis
313 4375 527 4456 herbaceae.
