2652 4852
204 315 284 386 5²72¹
310 311 542 380 Garamas..
566 287 785 385 οιιιιιιιιιιο
812 329 1002 382 emanares
1030 335 1075 380 ιιι
1104 335 1308 382 musnet.

209 531 213 545 .
290 493 417 587 Quodsi
435 492 692 564 consideramus,
715 495 1049 572 etiamdrusitaniaan,¹
1069 499 1224 573 Galliam,
1243 501 1311 582 asg-

203 578 298 652 Ιὶιιιιι,
320 575 522 648 Hellandiam
536 591 573 643 et
590 578 748 660 quosdam
767 579 849 647 aiios
871 582 1063 644 Germaniae
1088 597 1217 666 portus,
1247 605 1309 666 quat

202 661 560 734 haudnoaninarimus,
579 683 596 724 e
618 663 754 724 Braailia
775 665 871 726 missa
894 667 1043 747 recipere
1065 667 1232 736 sacebara,
1262 689 1310 728 uas-

201 747 355 810 niieatum
379 746 441 806 erit
457 746 593 828 cuique,
618 746 802 806 saccharum
823 748 910 808 iuter
933 750 1124 832 praecipuos
1143 751 1310 833 opulentiae

204 831 315 893 sontes
332 829 424 916 hujus
446 829 576 910 imperii
598 849 669 890 esse
693 831 931 894 numerandum.
975 835 1010 895 si
1030 847 1198 916 praeterea
1222 851 1311 896 mente

181 910 367 998 ,sciolum
393 911 484 997 quam
504 911 619 996 ingens
638 917 865 992 commercium
883 915 942 986 sit',
973 919 1059 1002 quod
1079 918 1240 980 rariorum
1260 919 1311 980 bu·

200 997 382 1062 mentorum
413 998 593 1077 emptione'
611 998 864 1084 venditioneque
889 1003 1071 1084 peragitur,
1095 1001 1245 1064 'fatearis
1269 1023 1311 1062 ue·

202 1101 296 1148 cesse
326 1095 392 1154 cst,
428 1080 602 1164 graminum
633 1082 797 1155 ordinem,
836 1081 1025 1165 ignobilium
1055 1085 1159 1169 quoad
1184 1088 1311 1168 specim

197 1168 377 1250 plantarum
399 1163 559 1237 feracem,
588 1165 788 1248 reliquorum
812 1179 916 1227 tamen
942 1169 1123 1252 principem
1147 1187 1238 1242 esse,
1266 1171 1311 1254 qui

197 1251 363 1314 humanam
379 1247 564 1308 industriam
587 1260 619 1307 et
635 1266 783 1313 exerceat
799 1263 832 1312 et
851 1264 997 1312 coronet.

176 1386 184 1400 ,
283 1339 331 1397 Ne
344 1354 418 1395 vero
427 1329 622 1406 saccharum,
637 1333 737 1415 ‘quasi
753 1335 877 1407 omnia,
893 1353 974 1417 quae
990 1337 1261 1400 incensures-cium
1274 1337 1310 1397 ai·

197 1419 265 1482 fert
281 1419 491 1482 emolumenta
507 1413 781 1490 exhausissemus,
807 1418 903 1479 nimis
919 1421 984 1480 cito
1006 1421 1242 1503 relinquamus,
1263 1423 1298 1482 ub

199 1503 389 1571 serrandum
399 1514 565 1585 praeterea
579 1513 636 1571 eat,
655 1499 744 1573 illud,
762 1502 834 1562 dum
847 1511 1012 1584 coquatur,
1029 1506 1126 1563 etiam
1139 1507 1232 1566 alsam
1242 1527 1306 1566 rem.

199 1608 282 1675 quae
304 1607 367 1648 non
390 1586 488 1647 laevis
502 1600 550 1646 est
571 1585 676 1664 pretii.
696 1585 822 1667 largiri.
858 1586 910 1648 Fit
929 1587 1016 1646 enim
1033 1587 1141 1670 liquor
1155 1590 1306 1652 ardensdr

198 1670 351 1735 saccharo
364 1693 425 1732 uon
446 1671 478 1728 io
492 1667 656 1748 crystallus
673 1669 808 1767 sormpto
823 1666 1015 1745 (Medusae),
1040 1691 1206 1758 cumaqua
1216 1675 1303 1734 misto

194 1771 292 1844 atque
322 1745 495 1816 destillato.
541 1752 675 1822 Dicunt,
708 1775 760 1836 qur
780 1753 842 1814 boc
860 1755 1024 1834 negotium
1042 1751 1158 1836 agimt,
1187 1777 1305 1820 sesers

86 1881 90 1896 ,
196 1863 255 1904 ιοο
272 1839 388 1900 formis
405 1835 602 1920 argillaceis,
626 1857 718 1922 quas,
732 1837 863 1900 circiter
889 1843 971 1916 qboo
993 1841 1135 1900 sace-bari
1161 1841 1250 1902 crudi
1273 1841 1302 1900 li·

72 1983 73 1990 ,
140 1936 149 2004 ζ
193 1923 264 1987 bris
294 1924 438 2004 replent,
479 1921 604 1981 ustione
636 1922 813 2000 boo-700
844 1922 983 2004 anglicas
1021 1943 1204 1998 mensuras,
1238 1945 1303 2008 quas

194 2005 350 2070 Gallones
368 2008 497 2074 dicunt,
521 2000 652 2084 spiritus
671 2005 812 2066 ardentis
825 2003 946 2088 (Agere
969 2005 1105 2065 ardente
1124 2007 1165 2066 de
1188 2007 1301 2071 tfaoeut
1324 2031 1325 2062 ι

192 2091 353 2156 obtinere.
399 2087 563 2149 {adduntur
586 2086 617 2145 in
644 2085 729 2148 hunc
751 2085 846 2148 finem
867 2089 1018 2151 sacebarc
1040 2091 1129 2152 dicto
1150 2091 1190 2160 lt
1212 2107 1300 2174 partes

190 2194 309 2260 aquae3
347 2165 517 2254 exponitur
544 2169 605 2231 hoc
639 2170 770 2231 naixtum
798 2170 1060 2244 immutationi,
1090 2163 1298 2238 sermentato·

190 2259 309 2324 deiude
327 2257 505 2318 destillatur
531 2274 570 2315 eo
592 2253 714 2341 modo,
747 2276 810 2339 quo
833 2255 866 2316 in
889 2259 1019 2339 Europa
1042 2263 1224 2342 peragitur,
1250 2281 1296 2342 qua

108 2407 116 2426 ,
188 2357 327 2431 propter
350 2341 447 2403 etiarn
472 2357 537 2402 nun
557 2357 675 2418 paucae
697 2338 838 2400 fabricae
864 2341 1029 2402 rasabuic
1058 2344 1130 2404 usui
1160 2345 1297 2406 servitura

190 2449 231 2492 ex
245 2433 372 2510 Europa
392 2421 683 2506 petereincipiunt.
730 2422 992 2506 Vulgatissimum
1021 2426 1155 2507 spiritus
1179 2429 1293 2508 ustige·

144 2560 149 2572 .
188 2535 270 2584 uus,
293 2513 326 2573 iu
345 2508 481 2572 brasilia
502 2502 663 2564 Cucdossu
687 2504 824 2582 dictum,
847 2504 883 2568 fit
904 2527 922 2570 e
940 2529 1049 2590 spuma
1071 2511 1163 2572 succi
1181 2513 1234 2572 sub
1252 2529 1294 2569 ro-

189 2597 299 2662 etone
320 2606 426 2674 parta,
457 2603 497 2652 et·
516 2609 555 2651 eu
577 2589 762 2651 sedimentis
792 2591 826 2651 in
851 2593 935 2653 rasis
958 2593 1090 2656 asturiis
1109 2593 1214 2658 adbuc
1231 2593 1296 2654 resi·

187 2679 263 2746 eut·
281 2677 428 2742 collectis
448 2673 692 2757 destillatisque.
743 2673 846 2737 Gustu
867 2690 916 2738 est
934 2677 1103 2760 odoreque
1125 2679 1232 2762 gravi,
1256 2699 1296 2738 ss·

187 2763 284 2828 nitati
303 2763 476 2832 aduersus,
512 2771 709 2842 quapropter
736 2757 832 2833 etiam
855 2761 1024 2843 mancipiis
1048 2763 1176 2842 nigris,
1205 2783 1296 2846 qaam

189 2869 284 2933 quam
300 2845 392 2908 aride
409 2843 498 2904 illum
516 2840 643 2909 bibant,
674 2861 738 2902 non
760 2841 824 2904 nisi
846 2842 974 2923 parreia
996 2845 1294 2928 quantitate·porri-

186 2933 336 3018 gendum.
368 2931 537 2992 Caeterum
552 2925 764 2986 Brasilienses
777 2925 812 2986 iu
829 2938 898 2988 arte
916 2925 1099 2990 destillandi
1118 2951 1134 2990 a
1149 2931 1295 2992 Lusitanis

184 3017 378 3084 uincuntur,
410 3029 586 3096 magosque
605 3008 679 3070 ideo
698 3007 875 3072 adhucdum
893 3011 1027 3092 spiritus
1050 3013 1194 3076 ardentis
1213 3015 1294 3096 eopia

185 3117 206 3164 e
226 3088 389 3162 Lusitania
406 3115 488 3180 eque
505 3092 619 3154 insulis
637 3093 786 3155 Auaricis
803 3106 836 3156 et
853 3095 1001 3156 bladeira·
1013 3095 1212 3177 importatur.

268 3181 373 3244 Etiam
401 3177 572 3239 virtutibus
603 3176 760 3249 medicis,
791 3196 872 3260 quae
896 3178 1048 3242 sacebaro
1071 3181 1200 3254 insunt,
1224 3199 1294 3240 aaa·

182 3265 266 3333 nibil
290 3261 519 3326 inhaerendum
540 3274 598 3323 est.
650 3261 776 3323 Gaudet
802 3281 917 3344 nempe
937 3263 1088 3325 facultate
1106 3261 1292 3327 resolvenda.

183 3350 369 3422 relaxante,
399 3359 450 3419 et,
484 3337 556 3406 nisi‘
573 3343 669 3404 nimia
698 3345 875 3428 quantitate
899 3359 1058 3424 sumatur,
1097 3348 1293 3410 nutritiauera

77 3477 84 3490 ,
182 3437 279 3522 jurat.
322 3435 358 3494 lu
386 3428 532 3494 febribus
561 3428 702 3512 calorem
730 3441 902 3511 temperat,
932 3443 1153 3513 quapropter,
1189 3445 1222 3492 ut
1243 3451 1291 3490 uu·

181 3535 251 3586 tum
277 3531 345 3595 est,
394 3511 563 3578 emulsioni
606 3510 814 3574 limoniorum
860 3515 1118 3576 aurantiorumre
1159 3513 1291 3576 additur:

183 3605 307 3690 subigit
343 3599 486 3682 pituitam
517 3595 667 3680 illamque
696 3595 812 3672 solvit,
857 3617 950 3680 quarn
978 3597 1022 3662 cb
1052 3619 1120 3662 reus
1153 3599 1188 3660 iu
1209 3597 1292 3660 eiam

179 3689 265 3752 uicis
307 3683 448 3771 pectoris
486 3680 626 3750 morbis,
662 3679 761 3752 tussi,
802 3680 960 3754 astbmate
982 3695 1016 3744 et
1044 3701 1069 3742 a.
1101 3703 1133 3766 p.
1158 3681 1288 3766 prodest.

179 3773 276 3842 Valet
308 3771 403 3834 etiam
438 3779 547 3830 contra
585 3761 788 3838 scorbutum,
831 3763 1053 3846 putredinem,
1088 3767 1214 3830 rasicae
1236 3767 1290 3826 sal·

180 3857 297 3932 culum.
351 3851 452 3915 Moris
481 3864 531 3914 est
558 3861 621 3910 tam
643 3847 746 3919 lodis,
776 3863 873 3932 quam
897 3849 1023 3912 colonis
1050 3851 1223 3920 Brasilias,
1246 3869 1290 3908 ra

181 3952 297 4004 center
331 3933 476 4020 expressi
510 3932 598 3996 succi
635 3929 814 3993 sacebarini
853 3953 994 4017 magnam
1031 3934 1159 4016 copiam
1190 3933 1288 3996 bibm

4 3983 6 4004 .

4 4009 11 4086 ἰ
65 4017 77 4040 '
182 4034 295 4086 contra
314 4039 435 4083 venena
451 4033 653 4102 serpentum,
677 4017 903 4098 scorpionum,
935 4016 1143 4080 formicarum
1163 4031 1195 4079 et
1212 4017 1288 4076 sini·

179 4107 260 4172 lium
291 4104 471 4170 animalium
505 4105 574 4164 ictu
614 4097 778 4162 instillata.
836 4099 982 4162 Africana
1008 4101 1106 4164 etiarn
1134 4099 1285 4182 mancipia

180 4187 315 4280 quaein
338 4185 482 4248 cilicinis
509 4183 727 4248 sacebaraceis
757 4179 964 4258 adhibentur,
996 4191 1074 4268 polu
1102 4185 1190 4268 largo
1212 4199 1285 4244 sace

181 4269 361 4338 sacebarinl
387 4269 534 4330 calefacti
558 4281 672 4333 contra
697 4265 913 4331 rheumaticos
937 4267 1068 4330 dolores
1087 4281 1121 4331 et
1141 4265 1286 4330 natira-

179 4377 250 4426 seru
264 4355 408 4438 rigarem
422 4349 575 4432 strigare
593 4349 779 4432 inductum,
799 4370 866 4418 neu
885 4353 958 4418 sius
978 4351 1066 4418 boue
1085 4363 1283 4440 ptuuptsw
