2652 4852
184 281 412 366 ‚Galurauan
451 290 663 359 Oeaaavarro
692 295 948 376 denemarca.
1042 246 1121 366 hle
1203 317 1207 328 ’

10 471 77 532 line
94 470 224 555 situque
242 469 416 536 culmorum
437 485 565 544 erecte,
583 471 672 536 toti·
680 474 764 547 latia,
777 495 812 537 aa
837 473 948 539 euticie
962 473 1072 558 glabra
1084 486 1118 536 et

10 554 117 616 babitu
137 555 251 639 pingui
277 576 477 618 communem
498 556 639 620 habitum
663 579 741 641 prae
760 579 793 620 ae
814 497 904 622 ierre
926 558 1115 620 invenimur.

10 640 113 700 Solum
140 639 252 702 barum
278 639 447 722 regionum
479 655 604 703 conatat
628 641 741 725 argilla
758 642 870 726 pingui
889 643 1024 706 rubente
1043 659 1115 704 cum

10 724 88 782 romi
106 721 220 803 majori
236 722 395 784 minorive
413 724 508 805 copia
527 726 716 799 commixta,
762 747 861 812 quare
888 726 1030 810 gramina
1054 739 1116 788 nec

10 805 176 886 profundae
187 816 295 891 'agere
311 807 454 880 radicet,
476 827 538 870 noc
556 807 750 874 decumbere
764 823 940 893 coguntur,
973 811 1001 874 ai
1018 829 1116 895 quae·

10 891 69 950 lam
99 911 214 954 arenae
239 889 387 954 littoreae
415 892 563 974 propria,
590 908 625 955 ut
646 893 995 976 Stenotaphrum,
1029 894 1115 959 exci-

10 975 88 1054 pias.
110 996 192 1058 quae
215 989 320 1035 tamen
346 975 445 1036 ctiam
469 975 545 1037 huic
562 977 698 1060 regioni
721 976 840 1041 debeat
857 977 1007 1039 adscribi.
1051 979 1117 1040 hdr

10 1079 101 1131 vero,
131 1059 293 1120 continuis
319 1060 492 1140 vaporibus
519 1059 646 1143 gravia,
681 1059 817 1124 allicere
846 1061 992 1136 videtur,
1027 1061 1116 1145 quod

10 1143 68 1204 reic
99 1141 291 1226 vegetabilia
316 1141 456 1224 pilorum
478 1142 716 1216 reaorbentium
739 1143 870 1228 opificio
894 1166 968 1230 nott¹
985 1156 1115 1208 careant
1152 1209 1154 1211 ,

10 1225 136 1308 deoque
154 1225 366 1308 glabreacant.
1058 1231 1067 1281 '-

81 1311 116 1370 ln
142 1310 262 1391 campio
286 1310 426 1392 gramina
463 1309 597 1372 socialia
622 1312 739 1374 denset
762 1313 919 1394 cacapitea
941 1310 1113 1376 formantia
1220 1356 1221 1365 η

10 1395 159 1469 ridimua;
182 1395 235 1454 hic
255 1394 454 1456 econtrario
476 1395 605 1474 apeciea
626 1396 800 1479 quaedam,
830 1417 961 1478 quarum
985 1395 1114 1478 ,praeci-

10 1501 77 1540 ruae
108 1493 182 1538 sunt
201 1478 374 1556 Olyrae,
399 1476 546 1550 Phari,
569 1479 674 1540 Coix
695 1493 728 1542 et
748 1480 969 1552 Panice'ae,
1001 1479 1113 1541 tolita.-

10 1565 62 1622 iae
87 1561 190 1643 magia
212 1575 244 1624 et
262 1582 391 1640 spamae
417 1575 606 1636 occurrunt3
628 1562 691 1624 nisi
717 1564 819 1624 caesia
843 1562 1011 1626 arboribua
1037 1562 1112 1624 hinc

10 1647 67 1708 nde
86 1646 222 1728 spatium
242 1644 418 1718 luxuriandi
441 1645 680 1720 nanciaeentur,
703 1645 736 1707 id
753 1646 858 1731 quod,
882 1648 1064 1730 exemplum
1076 1657 1113 1708 att

10 1730 150 1800 dieram,
196 1729 228 1788 in
261 1729 309 1789 rin
337 1727 463 1809 publica
491 1749 510 1788 a
536 1741 742 1792 ruaaaennro
780 1751 887 1794 corrue
925 1753 970 1792 na
1007 1749 1111 1806 arura,

10 1813 208 1882 lenturionc,
240 1833 278 1874 cx
303 1808 410 1872 Illreoa
433 1831 545 1874 vertua
567 1810 684 1886 Miner
709 1809 895 1896 Nouar‘per
918 1813 1018 1895 aylraa
1043 1813 1112 1895 pri-

10 1919 116 1958 naevas
140 1910 266 1975 aperta,
289 1896 425 1970 recidit,
447 1915 527 1979 quae
548 1897 661 1960 multae
680 1894 742 1959 huc
761 1898 962 1980 pertinentes
984 1899 1111 1980 specics

10 1983 88 2040 turbis
115 1978 244 2041 obtulit.
295 1981 407 2064 Neque
436 1991 662 2062 tempestatum
685 1981 900 2044 viciaaitudini
926 1982 1134 2066 gramina

10 2064 189 2144 lli-yades
219 2083 321 2146 acque
352 2061 493 2144 auhjecta
518 2077 611 2138 eunt,
635 2083 677 2128 *ac
704 2065 872 2140 aliarum„
893 2087 970 2150 quaa
995 2066 1113 2134 hncuaf

10 2147 1112 2302 ltl‘tlltlltt‘littlelllllt‘trlt‘ltlttttlt:

10 2316 147 2396 quandam
164 2315 370 2398 autumnique
382 2315 552 2396 imaginem
569 2315 756 2385 exhibeant,
777 2314 892 2378 humor
908 2329 1011 2378 tamen
1029 2337 1110 2376 nun·
1165 2361 1170 2366 -

10 2419 82 2479 {uam
92 2420 159 2460 non
175 2399 267 2462 adest
284 2397 489 2471 abundanter,
512 2403 576 2482 qub
585 2397 755 2472 deficiente
766 2397 836 2461 aliis
848 2399 881 2460 in
892 2396 974 2463 lecit
987 2399 1108 2461 restire
1152 2415 1158 2426 “

12 2478 139 2564 empore
159 2481 202 2542 cb
226 2483 286 2557 aoli
312 2479 493 2544 ariditatem
517 2483 676 2564 vegetatio
702 2481 890 2557 cohibetur,
928 2485 976 2544 uti
998 2496 1109 2546 nestra

10 2585 101 2642 tyeme
125 2566 169 2628 eb
190 2565 277 2649 gelu.
320 2565 419 2628 Maris
441 2564 608 2648 qicinitaa,
647 2565 732 2634 renti
761 2565 978 2651 frigidiuaculi
997 2565 1109 2646 'humi-

10 2647 104 2732 lique,
128 2648 267 2712 nebulae
285 2648 431 2722 roridae,
460 2668 542 2732 quae
560 2649 657 2732 longo
676 2651 803 2730 caepiua
830 2664 977 2734 tempore
1000 2650 1107 2712 cacel-

10 2753 92 2794 nrum
128 2734 241 2796 barum
275 2731 431 2810 sylvarum
463 2733 681 2796 cacuminibus
714 2733 1107 2823 inhaerent,‚innumert

10 2836 87 2880 torro
108 2807 238 2890 fontei,
274 2815 355 2889 rivi,
385 2813 540 2897 lluriiqne
572 2817 628 2900 qui
651 2837 762 2884 verant
780 2816 950 2881 Orientem
972 2839 991 2879 a
1015 2839 1106 2880 mon-

10 2899 168 2984 iumjugia
194 2899 308 2980 rapido
334 2919 429 2962 cursu
453 2899 618 2962 Oceanum
647 2913 781 2982 petunt,
811 2893 853 2950 -'-
878 2899 961 2963 haec
984 2901 1102 2968 omnia.

10 2983 79 3056 lico,
101 2985 227 3066 plantas
242 2983 327 3044 alunt
343 2983 514 3055 continuo,
537 3003 715 3069 succosque
739 2984 927 3066 impellunt,
962 2985 1006 3045 ita
1024 2997 1105 3046 utet

10 3069 151 3144 gramina,
186 3067 342 3146 aylrarum
369 3067 560 3151 perennium
585 3068 695 3130 umbra
717 3067 803 3142 sota,
834 3069 954 3152 absque
975 3069 1037 3130 ulle
1054 3069 1106 3130 in-

10 3153 192 3233 arreptione
207 3163 369 3232 vegetent.
411 3151 553 3233 Propter
576 3152 725 3214 camdem·
750 3171 879 3236 quoque
908 3171 1032 3215 cautam
1056 3151 1102 3226 lit,
1137 3150 1142 3161 '

10 3245 28 3290 tt
45 3235 184 3316 gramina
213 3233 245 3294 in
263 3233 414 3296 arborum
437 3235 578 3316 speciem
601 3235 674 3298 heic
699 3235 903 3320 frequentius
925 3249 1102 3321 aaaurgant,

13 3314 34 3374 ia
55 3316 358 3398 pracsertimlocia,
392 3317 467 3400 qui,
497 3318 544 3379 uti
565 3317 628 3399 jam
654 3319 775 3381 dictum
800 3333 869 3392 eat,
899 3333 987 3382 certa
1007 3341 1103 3400 aupra

10 3419 76 3462 aare
103 3401 272 3464 altitudine
293 3400 466 3465 elevantur.
519 3397 661 3483 Tempus
685 3400 823 3466 florendi
850 3402 1060 3486 plurimorum
1083 3423 1102 3462 a

10 3483 161 3622 llerernbri
189 3486 222 3550 in
247 3486 396 3548 Martium
428 3483 538 3563 durat3
569 3499 643 3547 aunt
668 3481 750 3550 vere
770 3485 887 3562 multa,
925 3506 1007 3571 quac
1030 3497 1100 3556 toto

17 3581 102 3631 orent
120 3589 216 3631 anne.
785 3625 790 3646 ,
968 3601 970 3609 s

68 3653 257 3735 Dryadea
276 3650 356 3720 haec
380 3650 518 3712 diximus
539 3653 701 3735 gramina,
734 3674 895 3716 memores
922 3651 1100 3714 fabularum

10 3746 148 3810 aterum,
188 3756 269 3819 quae
298 3723 457 3816 Nlmphaa
486 3735 631 3816 Dryades
658 3739 870 3811 immortales,
909 3735 1100 3816 Hamadrya·
1147 3757 1153 3772 ‘

10 3817 60 3878 lum
80 3841 155 3882 vero
182 3821 283 3881 vitam
304 3820 533 3902 aplautarum,
562 3819 679 3904 quibua
700 3834 903 3902 praeascent,
934 3819 997 3882 rita
1021 3840 1113 3902 pem,

10 3918 80 3976 ere,
100 3903 278 3966 cantabant.
1041 3931 1044 3940 ·

67 3989 105 4048 V.
136 3987 241 4070 lgitur
262 3983 333 4046 illae
360 3984 549 4049 Gramineus
563 3983 867 4066 Hamadryadca
889 3983 1096 4068 appellamur,

10 4066 65 4144 {uae
95 4061 321 4152 tempeatatum
361 4068 462 4152 magia
496 4066 652 4131 obnoxiae
685 4069 848 4139 varietati,
893 4071 1016 4152 plagam
1043 4090 1095 4132 ca-

10 4151 183 4218 ldo-ticcam
208 4153 352 4216 incolunt
372 4151 446 4212 inde
465 4172 618 4213 aaummo
637 4166 670 4214 et
688 4153 855 4234 primario,
911 4153 972 4216 uod
999 4155 1096 4214 Scrru
1152 4155 1157 4168 ‘

10 4231 28 4288 b
46 4233 292 4320 Muratr'qaeirc,
313 4256 338 4296 a.
360 4234 402 4296 do
422 4232 625 4317 Eapr’raheco,
646 4235 722 4320 jugo
746 4257 858 4298 versuo
885 4175 914 4300 ὃ

10 4315 189 4407 lorumque
230 4332 410 4404 patentem,
463 4319 610 4404 partique
648 4319 771 4384 boreali
814 4321 959 4404 regionia
1005 4341 1096 4402 men·

917 4237 1096 4300 ccidentem
1198 4291 1200 4300 Α
1315 4239 1316 4258 ’
