2652 4852
164 281 377 347 Gnsutttusu.
420 279 640 350 Ossunvsrro
663 297 908 372 tasutattsrtncs.¹
1035 285 1097 356 m

5 463 91 539 tite,
121 459 310 526 austruliore
332 458 421 524 ¹vcro
456 459 593 542 junioris
617 460 687 524 acri
714 459 978 536 formationibus,
1019 487 1097 549 quas

5 548 162 628 lotatrspp
183 546 313 618 dicunt,
336 542 487 626 componi
513 545 658 618 ridetur,
680 543 789 606 sersus
807 545 1016 610 Occidentem
1039 549 1098 612 tle·

5 631 98 692 cudit
132 629 228 712 plano
257 627 394 712 quodum
422 628 606 718 peramplo,
638 627 726 712 quod
749 628 806 694 ,rel
838 630 974 694 collibus
1006 633 1096 698 insc-

5 717 64 774 rale
85 713 207 796 passim
227 726 434 794 corrugatur,
465 712 515 774 tel
538 715 570 772 iu
594 726 697 776 rastas
717 712 865 794 planities
890 713 1092 793 diffunditur,
1133 757 1155 785 ι,

5 797 89 864 :boc
119 795 214 858 motlo
233 814 306 858 cunt
327 794 496 858 altioribus
519 797 639 876 campis
665 793 818 858 cohaeret
853 817 911 878 por
936 801 1095 864 interiora
1207 839 1209 846 ·

5 927 8 942 .
29 881 123 942 Pauli
145 880 333 962 provinciae
354 880 546 962 putentibus.
590 881 709 942 llarurn
732 901 827 962 supro
850 902 937 943 mare
958 884 1095 949 altitudo

5 979 56 1026 ter
84 969 163 1027 t5tto
186 977 220 1024 ct
241 984 320 1026 aooo
342 961 458 1044 pedum
468 963 591 1025 rariore
617 963 750 1032 ridetur,
767 977 799 1026 et
813 983 924 1026 vernus
941 969 1096 1032 Austrum

5 1047 146 1110 escendit·
162 1047 353 1128 pracsertim
375 1045 451 1108 intle
473 1069 490 1108 a
511 1045 682 1110 latitudine
705 1049 743 1110 25
765 1047 928 1129 graduum.
972 1051 1008 1110 ln
1026 1054 1094 1114 col-

5 1153 47 1192 um
60 1131 227 1194 cacumine
244 1129 306 1206 iam
322 1129 454 1192 humilis
471 1130 589 1192 fruteta
608 1131 670 1210 jam
683 1131 1037 1213 caespitctgraminum,
1061 1136 1095 1198 iu
1122 1150 1126 1156 ’

7 1215 166 1280 aniticbus
188 1213 331 1299 locisque
353 1213 533 1296 depressis,
559 1211 728 1279 fluviorum
750 1215 956 1298 rivorumque
981 1238 1093 1300 magua

5 1301 63 1382 tpia
74 1297 294 1370 succendatis,
318 1310 409 1380 prata
427 1298 532 1360 virent
548 1310 602 1360 aut
620 1300 873 1360 Araccarine
890 1298 1094 1364 brasilia-

5 1405 44 1445 ae
65 1382 197 1445 nobiles
212 1381 310 1443 saltus
327 1380 489 1444 frondent.
512 1381 745 1462 Regioiuculta
765 1395 824 1454 cst,
848 1382 1093 1452 etublurlorum

5 1467 109 1530 ortiles
142 1467 289 1526 incursus
318 1467 527 1547 peregrinatu
558 1463 750 1528 difficilior:
779 1466 894 1526 Scrtdo
914 1464 953 1526 dc
981 1463 1093 1553 lagos

5 1550 143 1630 ppellcnt.
181 1551 263 1610 Huc
297 1561 386 1630 parte
417 1549 503 1610 inter
538 1545 668 1612 llumina
702 1546 848 1610 Curitibn
883 1563 915 1609 et
949 1545 1093 1614 Pollutas

5 1635 90 1694 umile
120 1632 278 1704 montium
307 1631 416 1715 jugum
445 1629 622 1714 (Ecpigdo)
645 1633 731 1694 inter
759 1634 949 1716 Aquilonem
972 1651 1004 1698 et
1025 1639 1093 1704 Ex.

5 1731 76 1778 rturu
107 1717 277 1791 decurrit,
317 1715 381 1795 jam
413 1717 675 1778 Araucurise
704 1717 968 1780 brasilicnae
997 1741 1095 1782 orus·

5 1815 78 1864 tento
102 1801 322 1875 destitutumtv
345 1818 528 1880 camporum
558 1820 634 1861 vero
663 1800 789 1862 indoles
811 1801 901 1883 quusi
919 1803 1034 1870 eudon
1055 1824 1094 1868 so

5 1906 155 1966 amporam
179 1883 237 1944 sub
267 1883 338 1964 ipso
361 1882 504 1960 'l'ropico
527 1881 672 1946 sitorum.
716 1885 866 1947 Gramina
888 1886 1014 1951 scilicet
1035 1906 1092 1951 co.

5 1989 45 2030 >rc
81 1969 471 2052 glauco-incanescente,
508 1967 563 2051 qui
598 1968 712 2048 longae
745 1967 823 2049 pubi
861 1967 1019 2044 debetur,
1058 1985 1094 2036 ct

5 2053 111 2136 ugnis,
141 2071 179 2114 ac
201 2052 286 2112 intur
308 2069 342 2111 se
364 2050 515 2125 remotis,
546 2051 580 2112 in
603 2071 683 2135 quos
705 2052 912 2123 increscunt,
943 2055 1094 2137 caespiti-

7 2158 35 2196 us
53 2137 311 2218 distinguuntur3
342 2148 505 2198 caeterum
533 2133 704 2196 herbarum
734 2150 766 2197 et
795 2133 997 2210 suffruticum
1027 2139 1092 2202 dis·

5 2219 74 2282 olori
112 2238 216 2304 grege
254 2209 391 2280 mirifice
432 2219 645 2300 retingantur.
708 2217 760 2280 Ob
800 2219 945 2280 eximium
978 2219 1096 2284 horum

5 2321 116 2364 cccrum
139 2301 247 2386 quoad
268 2303 446 2384 graminum
468 2302 702 2382 vegetationem
732 2301 906 2372 luxuriem,
939 2323 989 2364 ros
1021 2323 1097 2386 pm.

6 2387 78 2448 nuru
99 2387 191 2448 raltlc
213 2380 330 2462 floret,
365 2400 397 2448 ct
418 2385 521 2467 campi
543 2385 619 2446 ideo
641 2405 757 2446 nornen
785 2382 921 2465 Cnurpos
941 2384 983 2448 du
1016 2391 1094 2450 Vuc·
1131 2402 1133 2410 ·

6 2469 61 2528 urin
82 2473 168 2533 nacti
198 2481 291 2542 suut,
322 2488 387 2556 quo
414 2469 506 2530 simul
538 2468 777 2550 distinguuntur
798 2491 814 2530 a
837 2471 956 2551 campis
979 2491 1096 2536 versus

10 2552 302 2712 tlllttttul‘
339 2552 1096 2720 ‘affluit‘'glut“„ttttt:.·:;¹ttl:t³‹

9 2719 96 2785 lersus
127 2705 278 2784 austrum
300 2720 329 2780 si
352 2721 450 2804 magis
474 2721 645 2801 procedas,
686 2719 719 2780 iu
749 2721 915 2800 provincia
946 2723 1093 2792 S.,Pctri

11 2809 101 2871 utrsli
144 2802 194 2882 (S.
230 2799 336 2864 Pedro
365 2803 407 2864 do
436 2799 510 2880 Sul)
551 2817 583 2865 ct
606 2804 648 2876 ,in
680 2802 808 2869 civitate
838 2804 956 2865 Montis
984 2805 1094 2874 videt.

12 2891 152 2955 ruminum
175 2888 311 2950 sormam
331 2887 484 2950 continuo
515 2901 665 2949 mutatam
694 2887 898 2969 conspicies,
931 2909 994 2971 quo
1014 2907 1093 2970 pro·

13 2971 49 3030 ior
89 2977 140 3051 sd,
167 2971 275 3054 polum
311 2970 481 3035 australem
513 2972 631 3034 reulus.
691 2973 806 3054 logum
845 2971 971 3032 scilicet
1001 2972 1093 3044 illud,

14 3055 59 3114 ut
79 3058 270 3122 maritimum
292 3052 455 3138 diximus,
477 3055 511 3116 in
531 3054 687 3117 limitibus
733 3055 897 3118 rorinciae
921 3056 955 3118 S.
976 3055 1093 3124 cutm

15 3157 62 3200 nac
88 3139 298 3209 australibus,
342 3137 383 3200 ud
417 3138 527 3202 loutcs
561 3135 651 3214 ssusii
716 3139 841 3200 uburelo
873 3139 935 3220 jam
967 3153 1034 3202 tras
1061 3151 1095 3201 st

16 3223 206 3288 retexendis
229 3221 344 3303 pedum
366 3223 464 3284 millia
485 3221 604 3292 altum.
633 3222 718 3286 inde
732 3243 842 3285 rursus
866 3229 1037 3296 Austrum,
1059 3223 1094 3282 iu

17 3323 41 3366 to
60 3308 186 3372 brachia
208 3306 393 3382 dirlmitur,
421 3327 560 3391 quorum
579 3307 735 3380 alterurn,
769 3295 871 3368 altcr‘o
894 3306 1010 3386 ultius,
1043 3305 1095 3366 iu·

18 3389 178 3464 sillumina
206 3385 350 3472 Jaculty‘
387 3402 421 3451 et
454 3387 620 3474 Urugnuy
651 3410 762 3455 versus
793 3389 1003 3454 Occidentem
1029 3387 1093 3448 sla·

19 3471 92 3556 tuit,
120 3479 258 3539 alterum
282 3476 430 3536 Austrum
453 3488 540 3538 rocta
563 3474 662 3557 petit,
691 3490 725 3538 ct
752 3474 786 3534 in
815 3473 915 3538 colles
939 3469 1093 3552 deprimi·

27 3597 49 3633 Ι,
71 3559 113 3620 ibi
137 3556 319 3630 Cocbillur,
342 3551 475 3630 Sernes,
508 3555 694 3618 Alburdoc'r
715 3557 839 3630 dictos,
869 3557 924 3638 qui
954 3551 1092 3626 tandem,

61 3657 144 3718 purte
169 3643 304 3706 maxime
327 3640 365 3702 atl
386 3641 556 3704 Meridiem
578 3656 723 3732 vergunt,
756 3637 853 3702 Serra
875 3635 933 3698 dor
965 3631 1098 3723 supper

54 3723 89 3784 lis
119 3730 281 3798 dicuntur.
331 3727 400 3786 Hac
432 3726 465 3786 in
504 3725 652 3809 regione,
697 3743 780 3809 quse
799 3719 1007 3784 surcarias
1043 3737 1095 3778 sr·
1174 3789 1177 3794 Ι

76 3809 134 3887 jam
157 3824 265 3884 curet,
300 3822 341 3884 et,
361 3810 464 3887 sylvae
499 3829 627 3894 quoque
651 3809 682 3869 in
707 3820 826 3890 genere
849 3801 927 3864 liunt
946 3801 1090 3862 ruriores
1201 3833 1206 3842 ·

42 3909 59 3948 n
79 3895 136 3956 nisi
159 3899 192 3958 in
214 3891 392 3956 borealiori
413 3906 522 3976 partu,
546 3907 579 3955 at
602 3891 733 3977 quidem
754 3890 834 3950 locis
856 3885 1006 3980 irriguis,
1036 3903 1094 3946 eo.

72 3977 182 4048 tuotlo,
206 3998 270 4063 quo
298 3975 416 4039 nostris
449 3977 482 4038 iu
513 3978 609 4040 terris
633 3973 703 4038 nlni
724 3971 765 4032 ud
786 3968 906 4030 rivulos
930 3968 1094 4048 dispersae

53 4078 122 4124 cers
144 4062 273 4133 solent,
295 4059 448 4136 obviae),
477 4075 509 4123 ct
534 4059 696 4143 graminea
723 4051 884 4134 vegetatio
907 4050 1096 4147 nostratium

54 4145 481 4228 orumtypurnacmulutur,
504 4139 702 4226 graminibus
723 4135 823 4217 tnagis
847 4133 945 4194 dente
968 4144 1095 4212 sttpstas

67 4235 124 4288 tam
145 4227 284 4315 divorsis
305 4226 381 4289 aliis
434 4227 530 4290 lsutis
560 4219 763 4288 iutsrusixtis.
814 4217 938 4294 Hycms
967 4221 1113 4309 quoque'

51 4305 186 4388 diuscule
208 4301 381 4394 urgemur,
401 4247 579 4378 tlscentnt
608 4326 684 4376 rcro
706 4315 741 4365 et
759 4299 912 4386 lsuuariu
931 4297 1096 4360 mensibus

59 4417 146 4467 tous
164 4421 303 4472 russas.
322 4395 368 4467 11.
698 4395 745 4468 35
