2652 4852
196 321 316 390 500.

106 529 110 555 ι
199 497 376 568 Ordinibus
396 491 547 554 distincte
567 483 652 547 suis:
674 503 732 550 eeu
753 479 868 545 duetus
889 481 922 544 iu
944 478 1057 544 urben

196 603 335 674 Tortilis
356 604 520 664 extremos
538 591 644 656 sulcus
664 591 727 654 tibi
748 589 886 674 circiuet
905 601 1016 664 entes,

128 738 132 746 ‘
198 717 266 779 Seu
286 690 392 772 litere
409 706 442 766 in
460 699 612 784 quadrum
633 693 917 781 pmecsstigeveris
939 713 1055 777 aequa:

196 821 264 884 Seu
284 831 387 880 cuneo
409 808 523 872 similia
544 804 664 889 placuit
685 799 785 886 magis
807 820 898 876 area,
919 799 1027 860 lunam

197 927 265 991 Seu
285 915 494 1007 quue'icrma
513 914 624 984 decet,
649 905 758 972 medio
778 927 850 969 curu
873 904 1036 988 splenduit
1056 923 1135 976 cre,

196 1034 242 1096 Et
262 1019 501 1091 circumflexum
520 1017 629 1082 radice
651 1013 788 1077 sinuseit
807 1014 841 1073 in
862 1030 987 1074 arcum:

195 1137 273 1202 Sive
292 1134 326 1196 in
347 1128 560 1217 quincuncem
580 1121 661 1206 jusit
681 1118 870 1183 describere
894 1117 1034 1202 plantes,
1119 1131 1125 1145 “

196 1245 242 1307 Et
261 1241 440 1324 triquetrae
459 1231 552 1295 stetit
571 1226 676 1292 omnis
698 1241 788 1308 egere
808 1213 864 1285 ies
885 1222 1017 1306 pulchra
1037 1220 1191 1295 videndo,

198 1350 356 1442 Quaeque
378 1335 497 1406 oculos
511 1332 622 1426 specie
643 1332 725 1394 mire
748 1331 888 1394 delectet
907 1347 1048 1390 amoena.

279 1455 369 1532 Ergo
392 1446 547 1511 clamosus
566 1439 676 1503 turbae
698 1449 864 1520 pertaesus
886 1448 919 1496 et
937 1434 1070 1502 urbem,

197 1564 279 1628 Cum
299 1555 360 1621 tibi
382 1551 541 1615 sollicitae
561 1545 660 1636 timor
679 1541 770 1606 auxie
790 1541 888 1605 corde
909 1537 1103 1612 memordit,

196 1672 266 1734 Iius
286 1676 382 1748 pete,
414 1671 448 1720 et
474 1675 525 1718 ec
541 1651 606 1715 alto
635 1649 823 1731 despectans
850 1646 990 1709 cuimine
1019 1645 1137 1709 mantis

197 1771 249 1838 ed
270 1765 490 1847 circumjectae
511 1772 628 1844 torque
650 1768 703 1818 tua
722 1755 841 1818 lumine
861 1753 980 1826 velles,

79 1935 82 1945 .
195 1880 241 1942 Et
260 1893 389 1958 cempos
410 1879 532 1931 metare
553 1863 667 1928 oculis.
709 1863 802 1946 durat
821 1881 895 1922 erre
916 1859 1029 1922 videre

197 1981 331 2048 Concita
353 1970 582 2044 arundinibus,
611 1982 708 2060 cepto
735 1967 898 2048 crispante
926 1965 1057 2048 procaci

194 2087 374 2154 Undantem
399 2089 560 2163 segetem,
582 2073 712 2164 sinuosa
733 2071 894 2136 volumine
913 2085 983 2134 tcto

195 2196 350 2278 Aequore
372 2201 407 2248 ut
428 2182 671 2268 agglomerentt
701 2177 754 2242 rel
776 2163 848 2241 cunr
867 2175 922 2240 ilat
943 2176 1072 2240 mollior
1089 2197 1179 2250 eure,

195 2302 241 2364 Et
259 2297 327 2361 leni
348 2292 491 2377 aspirans
513 2288 596 2350 ludit
613 2305 674 2369 per
694 2283 789 2348 iuauc
811 2299 979 2356 succurro,
1109 2295 1118 2300 ·

194 2408 333 2488 Campus
353 2416 388 2463 ut
406 2394 606 2477 obstreperis
627 2405 741 2454 nutans
761 2390 930 2453 horrescet
950 2389 1071 2454 arenis.

195 2501 284 2606 Quin
312 2505 474 2570 sitibunde
502 2500 564 2563 tibi
591 2499 622 2561 ei
650 2497 773 2559 viscere
804 2494 890 2560 forte
913 2509 1109 2578 coquantur,

196 2614 281 2711 Quis
301 2625 388 2676 vetat
408 2621 565 2671 exsectam
586 2603 693 2667 sicine
715 2623 734 2664 c
758 2601 900 2684 caespite
921 2620 1052 2664 cannam

194 2721 345 2792 Vellere,
367 2719 566 2798 decussaque
587 2709 678 2792 prius
700 2705 851 2792 (nemque
872 2705 1002 2790 aspera)
1024 2702 1159 2782 froude,

193 2829 259 2898 Vel
280 2823 372 2888 cultri
395 2819 531 2893 auxilio,
552 2817 713 2898 impresso
733 2813 784 2880 rel
805 2811 902 2875 dente
923 2811 1108 2885 medullsm,

194 2931 345 3008 Nudare,
377 2923 602 3007 ambrosioque
635 2919 723 2982 sitim
760 2917 963 3002 restinguere
1002 2918 1125 2981 succo?

196 3041 299 3114 Sunt,
322 3055 402 3119 quos
424 3028 632 3120 membratimx
646 3039 745 3088 tutam
764 3041 913 3086 resecare
933 3023 1073 3106 jurabit,

197 3145 269 3242 Qus
289 3154 378 3204 tercs
399 3135 542 3200 articulis
565 3130 732 3213 distinguit
752 3128 855 3193 nudus
876 3149 1027 3193 erensmc

196 3247 347 3316 Frustuls
367 3259 453 3314 tum,
475 3240 586 3324 praelo
607 3235 706 3303 veluti
728 3235 893 3318 subjecte,
921 3232 1058 3318 fatigent

198 3353 360 3420 Dentibus
369 3351 381 3411 ε’
399 3345 648 3431 sdm'orsosque,
670 3357 705 3405 et
727 3339 849 3410 crebris
871 3339 1016 3404 ructibus
1035 3338 1162 3402 brustcs

198 3461 372 3527 Exsiccant
403 3457 549 3517 calemus.
592 3451 712 3515 Verum
741 3445 794 3510 bis
822 3460 854 3509 et
873 3445 988 3510 fallere
1008 3458 1151 3530 tempus,

198 3571 244 3632 Et
263 3567 377 3630 tristes
394 3560 493 3624 enimi
515 3556 640 3620 dabitur
660 3553 764 3618 lenire
786 3551 939 3626 dolores,
967 3591 973 3602 -

201 3675 378 3758 Postquam
401 3681 491 3731 enata
512 3683 604 3746 seges
625 3673 694 3722 toto
715 3658 778 3742 jam
799 3657 941 3722 creverit
959 3675 1055 3720 nnnc.

222 3775 224 3780 ’
287 3779 380 3839 Nunc
401 3771 600 3836 intermissus
621 3777 752 3829 resccst
769 3763 877 3842 labor,
898 3763 1063 3847 herbaque
1082 3761 1160 3835 late,

206 3885 293 3946 Dum
314 3894 443 3944 tenerae
464 3885 650 3956 erumpunt,
673 3883 842 3952 praesecet
860 3869 955 3932 nuxia
976 3887 1101 3932 munau

204 3990 297 4052 Nunc
320 3989 399 4048 ursle
421 3981 598 4047 soccsindcs
619 3991 745 4060 tempus
766 3976 883 4038 sarrire
904 3974 1053 4038 novales:

204 4091 453 4162 Necruucsuds
474 4106 568 4173 seges
589 4083 693 4148 semel
709 4071 778 4157 est',
799 4061 904 4146 teret
924 4081 1061 4164 amplius
1080 4077 1156 4142 illud

204 4199 389 4282 Urgcudum
411 4192 567 4266 studium,
588 4187 691 4254 donec
713 4188 901 4272 grendetcet
921 4155 1084 4264 urendos

205 4307 309 4390 Atque
333 4297 511 4362 aduescenti
537 4308 633 4380 queat
653 4292 849 4359 oblucterict·
867 4291 954 4358 boeti
