2652 4852
214 327 280 409 548
403 323 616 402 Granium·
659 331 873 406 Oasunrarso
896 346 1146 398 cuoensrusoa.

219 517 404 605 provinciae
447 516 607 578 Minarum
637 525 760 596 partem
787 513 912 576 obviam
935 511 971 578 fit
1002 516 1136 594 (incolis
1164 509 1304 598 Topanlo.

220 621 377 680 aranga,
391 601 413 661 i.
435 619 462 663 e.
484 611 582 683 'caput
605 600 771 682 Nigritae,
792 597 1001 681 appellatum)
1025 598 1173 661 omnibus
1186 601 1305 662 aliissnii

220 685 393 774 generibus
422 683 592 767 praeferre
621 681 735 744 rideri.
786 685 948 827 Egregius
973 681 1177 755 observator,
1210 683 1245 745 cl.
1269 705 1305 744 st·

220 790 340 834 ouarus
371 789 415 828 ou
439 793 463 832 a.
499 787 637 830 cruatur
662 767 789 826 'uidisse
812 786 846 826 se
894 765 966 839 icit,
1009 785 1143 850 gramen
1172 767 1304 828 hocuou·

218 854 284 918 uisi
314 852 396 914 locis
438 851 502 913 illis
539 869 727 923 occurrere,
770 869 873 934 quae,
909 857 988 934 'post
1022 853 1122 932 sylvas
1151 851 1306 934 marigni

220 957 330 1002 caesas
355 935 457 1011 onita,
487 954 524 996 ae
546 927 659 1017 postea
678 933 782 994 denuo
805 933 918 995 relicta
947 933 1030 1008 aiut,
1063 935 1096 996 id
1119 934 1205 1020 quod
1224 951 1305 996 nostn

218 1020 445 1087 obseruatione
483 1017 737 1104 quoddammodo
764 1037 826 1078 non
844 1037 1013 1098 possumus
1036 1019 1102 1080 non
1126 1017 1306 1080 confirmare:

219 1127 291 1170 uam
310 1103 422 1166 nullibi
462 1123 570 1164 ramen
594 1100 656 1163 hoc
676 1100 764 1162 adest
784 1106 878 1181 copia
899 1103 1036 1180 majore,
1083 1103 1307 1164 uaminmonti·

219 1192 280 1256 boa
297 1189 381 1252 iuter
400 1123 510 1248 tardem
534 1182 617 1246 Villa
644 1181 744 1244 Riccrt
770 1197 803 1246 et
820 1185 974 1266 oppidum
1011 1124 1092 1248 Villa
1116 1185 1156 1246 do
1184 1183 1306 1264 Principr

220 1265 491 1344 decurrentibus,
518 1291 615 1353 quos,
648 1271 832 1354 priusquam
856 1267 1098 1344 culti'l‘uerr'ut,
1137 1271 1306 1332 densissimis

140 1386 145 1397 ¹
220 1356 406 1422 nemoribus
431 1353 597 1416 hormino
625 1367 734 1414 notum
758 1367 816 1414 est.
861 1351 996 1444 Quando
1024 1353 1072 1415 his
1091 1355 1174 1416 locis
1194 1359 1305 1438 agricola

220 1440 454 1529 plantationes,
498 1437 584 1521 quod
619 1436 823 1498 sterilescere
850 1437 1024 1516 incipiant,
1062 1439 1226 1518 relinquit.
1252 1459 1305 1497 mos

219 1545 349 1612 gramen
368 1521 448 1582 illud
460 1523 580 1583 sociale
595 1539 678 1580 nunc
692 1523 722 1581 ,P
732 1533 770 1581 te
781 1521 873 1581 ride
896 1521 1065 1583 caudata
1088 1525 1305 1583 concomitante.

219 1629 303 1672 auno
321 1619 393 1690 post
412 1603 521 1675 illam,
549 1617 632 1666 tanta
660 1605 753 1685 copia
782 1595 983 1686 pullulascit,
1012 1619 1045 1665 ut
1069 1605 1161 1668 breti
1185 1607 1253 1666 nulii
1274 1607 1306 1664 al·

219 1694 284 1757 teri
300 1693 424 1776 plantae
443 1689 530 1751 locus
547 1687 764 1771 relinquatur}
796 1709 910 1771 magno
929 1701 1032 1749 tamen
1049 1705 1179 1750 naturae
1197 1691 1238 1750 sui
1253 1691 1304 1748 riu·

220 1775 303 1840 dicis
331 1773 567 1846 emolumento,
605 1793 677 1830 nam
701 1791 796 1854 quum
820 1771 942 1832 radices
961 1773 1132 1856 quotannis
1148 1795 1236 1834 noras
1249 1795 1302 1854 pru-

218 1862 353 1946 paginas
368 1857 567 1940 germinent,
591 1849 702 1915 culmis
720 1855 873 1938 foliisque
895 1856 1124 1918 vestutioribus
1147 1871 1302 1940 putreseer-

217 1945 321 2016 tibus,
344 1941 418 2002 inde
438 1962 517 2001 nora
534 1938 647 1998 liumus
664 1939 872 2022 pinguissima
889 1939 1041 2020 gignitur.
1085 1940 1230 2004 Occurrit
1248 1963 1302 2000 reru

217 2028 282 2090 lroc
309 2043 458 2108 gramen,
497 2023 558 2084 etsi
582 2023 698 2084 minori
726 2022 837 2102 copia,
866 2021 947 2082 lueis
971 2023 1066 2084 etiam
1091 2025 1184 2100 aliia3
1208 2047 1258 2108 qua
1276 2045 1301 2082 re

218 2110 316 2194 longe
330 2107 440 2170 absum
460 2106 497 2167 ab
515 2107 668 2187 opinione
683 2106 722 2165 cl.
740 2107 780 2166 de
800 2127 825 2165 s.
837 2127 984 2181 nrcsrau,
1009 2109 1224 2174 existimantis.
1245 2107 1301 2167 illud

218 2193 271 2256 his
294 2191 375 2255 lucia
393 2189 597 2275 peregrinum
626 2209 715 2261 esse,
750 2209 936 2274 quamquam
956 2191 1109 2274 quosdam
1137 2193 1248 2260 accolas
1263 2191 1300 2248 ad·

218 2279 333 2352 ducat,
366 2291 500 2360 quorum
525 2273 580 2334 alii
605 2273 802 2334 Monachum*
824 2273 1000 2357 quandum.
1035 2277 1179 2338 Fratrem
1195 2273 1298 2337 budusi-

218 2382 290 2426 cum
317 2360 465 2434 nomine,
503 2355 599 2427 illud,
628 2368 664 2417 ut
689 2357 913 2437 prolaturum.
944 2357 1065 2421 scrisse
1094 2361 1191 2435 (unde
1213 2365 1298 2420 nostru

219 2443 367 2526 Cea-pim
390 2441 431 2502 do
456 2437 544 2524 Frey
565 2435 651 2519 Liria
672 2440 839 2509 haberet).
870 2440 925 2501 alii
955 2460 1030 2504 casu
1062 2445 1095 2503 in
1123 2446 1296 2520 calceisags·

218 2530 308 2593 aouia
332 2525 494 2610 cujusdam
519 2524 647 2608 regioni
670 2522 745 2584 hnic
770 2524 890 2585 illatusn
911 2525 997 2606 ajunt
1058 2529 1177 2590 Verum
1200 2527 1294 2612 quiden

219 2627 285 2688 est,
307 2607 473 2697 propriam
498 2623 569 2672 esse
596 2606 789 2691 quarundam
806 2610 980 2688 plantarum
997 2609 1197 2689 sylvestrium
1217 2609 1296 2670 rosli-

217 2699 359 2770 tionern,
395 2707 429 2755 ut
456 2693 548 2754 no'ris
575 2691 673 2752 terris
705 2691 810 2753 illatae
841 2695 957 2760 mirum
986 2709 1139 2777 quantum
1162 2695 1298 2756 luxurient.

217 2777 484 2867 quemadmodum
503 2773 536 2838 id
559 2773 642 2857 apud
661 2794 719 2835 nos
738 2775 1045 2860 Galinaogaeae
1068 2779 1297 2861 parrillorar

218 2865 347 2928 accidit.
390 2863 496 2954 Quum
517 2879 596 2923 vero
618 2859 813 2920 Pteridis
835 2863 1049 2922 caudatae.
1072 2861 1299 2946 plantaeabsqr

215 2947 315 3011 dubio
333 2943 553 3013 brasilienais,
575 2942 607 3002 in
622 2943 788 3004 consortio
805 2943 994 3028 plerumque
1013 2945 1092 3009 illud
1110 2967 1231 3030 gramen
1246 2967 1297 3026 pru·

215 3032 342 3103 veniat,
375 3027 544 3090 difficilior
562 3021 598 3086 dt
618 3025 778 3107 suspicio,
808 3027 841 3086 id
860 3030 1033 3112 originitus
1054 3033 1205 3092 llinaruns
1218 3029 1296 3110 regie·

214 3114 311 3176 nibus
339 3112 439 3176 luisse
468 3123 663 3173 extraneum.
707 3112 875 3174 Caeterum
905 3113 938 3172 in
960 3110 1187 3194 graminum
1206 3113 1298 3176 Orra-

215 3199 305 3260 dum
327 3197 481 3280 regione,
514 3193 634 3277 quippe
655 3213 737 3277 quae
766 3193 986 3294 frigidiuacula
1005 3199 1217 3284 continuoque
1237 3215 1298 3254 rust·

88 3347 96 3366 ,
212 3281 355 3353 marcio,
379 3279 464 3364 quod
482 3297 544 3362 ope
562 3276 718 3338 mulorum
737 3291 920 3362 peragitur,
950 3280 1166 3378 frequentata,
1187 3279 1298 3366 grauius

212 3384 371 3447 europaea
393 3361 518 3424 facilius
545 3381 731 3423 assuescere
758 3375 906 3444 possunt,
945 3383 1034 3444 cnjus
1054 3365 1104 3426 rei
1122 3367 1297 3446 exemploru

212 3453 293 3514 Poa
310 3468 451 3520 annua,
475 3447 513 3507 ab
529 3445 568 3532 ol.
586 3465 611 3504 a.
632 3449 765 3506 nstsrac
780 3466 879 3528 prope
896 3444 1012 3508 Villam
1025 3445 1140 3509 Binum
1154 3443 1306 3512 olssrrsua'

297 3535 362 3608 tv,
379 3529 570 3594 Gramina
598 3527 789 3610 Dryades
815 3531 993 3614 'regionem
1022 3533 1204 3614 sylvestrem
1230 3533 1295 3592 into

212 3619 298 3694 lant,
322 3637 403 3702 quae
422 3627 526 3677 tractu
543 3610 701 3674 formatur
727 3613 901 3688 montium,
935 3611 1031 3676 Serre
1056 3615 1097 3678 clo
1123 3614 1204 3680 Mor
1220 3615 1297 3676 dirru-

210 3707 302 3780 r'um,
335 3703 469 3766 Granite
490 3697 681 3781 praecipue,
712 3697 882 3782 ¹Gneisse,
919 3699 1094 3780 Syenitite,
1125 3715 1157 3765 et
1176 3705 1206 3762 iu
1230 3699 1305 3780 pnn'

212 3808 305 3872 quam
324 3784 457 3848 maxime
477 3779 605 3844 australi
622 3779 853 3842 verosimiliter
876 3771 1080 3857 recentiore,
1109 3807 1198 3870 quam
1216 3755 1305 3845 Filia-l

209 3884 304 4016 dinariip
315 3865 909 4016 '‘diednidddodndltilsilltridrllsudetiius
922 3867 1126 4013 xliiidieiiic
1141 3863 1293 4012 hillidii

209 3974 326 4120 uempsl
347 3973 367 4097 Ξ
388 4030 562 4104 districtus,
581 3969 676 4115 duem
695 4029 850 4091 Comurcn
869 4029 927 4091 dor
957 4031 1063 4096 Ilisos
1089 3973 1201 4098 tidini
1225 3987 1292 4104 (lud

207 4133 306 4184 auatr.
335 4131 369 4194 ¹4
388 4120 493 4200 grad.)
512 4135 614 4200 usque
631 4115 670 4175 ad
690 4111 770 4174 lines
786 4115 939 4198 australes
956 4119 1142 4200 provintiae
1158 4123 1191 4184 S.
1208 4115 1304 4180 (at-‘w

205 4205 296 4268 rinae
316 4203 383 4280 (lat.
398 4213 497 4262 auatr.
516 4219 555 4279 us)
566 4196 689 4282 grad),
712 4197 878 4260 altitudine
896 4201 1018 4262 varians
1032 4203 1117 4265 iuter
1131 4203 1223 4286 pedes
1239 4212 1303 4260 resti

205 4290 350 4362 at'dooo3
371 4293 508 4342 attamen
520 4282 626 4343 omnia
642 4283 794 4365 gramina,
816 4301 877 4364 per
889 4281 981 4366 hujus
993 4285 1288 4370 regionisprimnu
1302 4273 1303 4322 l

199 4363 522 4456 „sylvaslrospitantim
537 4365 575 4425 ad
585 4369 711 4428 easdem
727 4367 855 4449 species
864 4367 1041 4452 peitinere,
1057 4369 1106 4434 rel
1119 4371 1286 4434 cortedun-
