2604 4876
284 229 290 252 .

211 275 236 316 ¹¹
343 343 346 352 Α
504 267 509 274 ’
665 265 868 329 Pntnrtrro.

218 460 298 532 tus,
325 467 543 547 quemqnam
555 470 631 518 non
644 443 823 534 monitus,
849 448 1050 549 intelliget,
1075 451 1177 527 hnnc
1197 478 1287 554 ope

218 611 307 688 pree
331 587 413 660 eliis
435 588 576 676 multis,
600 588 674 662 hoo
700 590 879 690 imprimis
904 592 1075 681 eminere,
1101 597 1216 696 quod
1242 625 1289 670 m

198 729 385 804 'continet
416 729 608 804 subtiliore
638 731 776 830 judicio
809 735 1011 810 examinata
1034 754 1072 810 et
1096 764 1233 812 rerum
1262 741 1294 813 d

220 869 422 950 dicatarum
454 873 584 946 ordine
619 892 656 946 et
689 873 857 949 ubertate
891 903 1039 952 omnem
1068 879 1169 969 iere,
1223 901 1275 956 nt

218 1019 357 1106 dicem,
382 1013 509 1092 orbem
534 1032 711 1088 terrarum
735 1019 1005 1120 complectitur.

315 1133 358 1233 Si
387 1159 484 1232 inter
518 1183 583 1246 en,
621 1184 720 1258 'quae
752 1159 831 1260 ipre
862 1161 950 1234 huic
986 1160 1165 1236 volumini
1202 1163 1299 1264 suhj

216 1301 393 1384 nonnulla
423 1319 460 1374 te
487 1283 790 1377 ‘animadvertisse
822 1303 1036 1391 arbitreris,
1075 1284 1172 1406 iture
1206 1325 1281 1381 aut

195 1449 311 1526 'hunc
344 1446 468 1516 locum
502 1443 686 1544 pertinere
722 1472 798 1520 non
826 1445 1039 1537 videantur,
1086 1465 1150 1521 ant
1189 1449 1296 1521 uber

216 1603 437 1675 tractentur,
465 1611 576 1687 quam
594 1587 634 1660 in
649 1589 707 1661 his
722 1590 828 1662 terrio
844 1590 934 1664 etin
956 1590 1028 1664 hoe
1052 1589 1267 1663 litternmm

215 1701 313 1810 mine
345 1699 446 1830 opnex
471 1730 539 1818 eit,
564 1729 694 1820 velim,
720 1756 858 1832 quaeso
864 1781 876 1820 ,
903 1733 1111 1806 memineris
1123 1781 1136 1821 ,
1161 1758 1236 1806 nos
1269 1733 1299 1806 h

216 1899 364 1980 qnoque
396 1873 436 1946 in
472 1873 638 1947 consiliis
676 1873 868 1962 habuisse,
906 1893 947 1949 ut
979 1901 1072 1976 opus
1102 1893 1277 1950 normrm

183 2018 369 2098 ·Brasilic
393 2041 540 2116 quoque
566 2043 649 2092 cnm
672 2017 793 2091 fructu
816 2017 1008 2115 legeretur.
1058 2017 1062 2024 ”

313 2158 529 2234 scribebam
540 2159 725 2233 Monachii
743 2161 783 2233 in
806 2159 956 2234 aedibus
982 2158 1226 2249 academicis,
1252 2162 1295 2262 ip

216 2306 304 2382 anni
315 2303 436 2378 nostri
449 2301 763 2418 brevissimo-die,
790 2303 855 2405 qui
872 2301 970 2404 epu'd
989 2303 1231 2376 Braeiliensee
1250 2303 1292 2379 lo

218 2874 502 2976 contemplatura
526 2875 598 2949 Dic
621 2876 702 2956 xxl
723 2873 939 2974 Decembris
964 2871 1278 2952 MDcecxxvffl.

522 3403 1302 3516 ''fflstssfflmffim
